3214 4928
796 364 988 430 ...10-

277 495 545 580 concessionum,
571 495 865 588 tntutnanttarom
892 493 1099 578 tacultutum.
1126 495 1306 587 motuum
1331 505 1365 572 et
1388 500 1515 574 Indut-

278 612 389 678 torum
414 605 457 680 ab
482 606 601 680 eodem
628 608 729 688 Panto
754 607 784 682 tt
816 607 1177 687 trrttoontraterntntt
1210 609 1417 686 sanctissimi
1442 613 1513 686 Sa-

278 720 438 793 crementi
464 718 506 793 tle
530 720 678 793 Minerua
703 737 764 813 per
789 721 895 794 Breve
920 718 987 794 dat.
1018 721 1144 798 nomae
1177 722 1267 814 opud
1299 724 1332 796 S.
1367 726 1512 800 Petrum

277 830 333 912 dio
359 836 379 912 6
405 831 605 916 Novembris
635 837 728 906 6666
754 832 953 914 nominatim
978 839 1012 907 et
1028 852 1190 927 expresse
1211 853 1448 911 concessorum
1466 857 1513 911 ao

276 943 311 1014 in
336 950 508 1036 postorum
536 963 556 1014 a
580 943 668 1016 Sede
695 943 884 1036 Apostottea
909 942 1215 1028 concedendorum,
1241 945 1373 1037 illisque
1397 949 1511 1020 omni·

275 1055 341 1129 bus
367 1062 400 1129 et
425 1055 565 1146 singuiis
591 1056 650 1140 uti,
676 1057 785 1148 potiri
812 1055 959 1148 gaudere
984 1075 1086 1150 posse
1112 1075 1150 1130 ae
1174 1057 1298 1130 debere
1314 1061 1434 1141 statim,
1454 1067 1508 1132 at-

276 1186 343 1260 quo
356 1167 669 1254 confraternitatum
684 1167 880 1250 earumdem
897 1169 1021 1250 erectio
1036 1167 1243 1262 inmotae,
1260 1170 1314 1247 ret
1330 1169 1509 1250 ordinaria

276 1281 469 1366 anomritate
493 1281 578 1364 tenta
603 1280 721 1370 inerim
747 1288 878 1356 servata
910 1282 946 1354 in
977 1281 1116 1372 reliquis
1149 1281 1306 1362 omnibus
1334 1282 1508 1374 nmcttiota

278 1391 458 1478 Clementis
483 1393 557 1469 VIII
583 1393 836 1471 Constitutione
862 1393 936 1468 Non
969 1393 1180 1472 obstantibus
1205 1393 1507 1474 constitutionibus

276 1511 309 1586 ct
334 1505 606 1581 ordinationibus
631 1505 831 1598 Apostoliois
857 1505 900 1580 tle
924 1504 1144 1597 indulgentiis
1160 1506 1204 1579 ad
1220 1507 1324 1586 inser
1340 1525 1408 1588 uon
1425 1527 1508 1588 cutt-

277 1617 448 1702 cotenus,
474 1635 539 1693 nec
563 1619 635 1698 aliis
660 1619 833 1693 contrariis
859 1617 1140 1710 quibuscumque.
1323 1619 1334 1638 ⁶

346 1729 468 1807 Datum
494 1732 621 1812 nonae
645 1731 700 1806 die
727 1736 772 1806 63
799 1729 921 1824 tnrttis
950 1735 1055 1804 6676.

1019 1841 1055 1916 C.
1083 1842 1187 1918 cmo.
1214 1845 1377 1921 Maxumus.

864 1953 1013 2030 Micicot
1038 1955 1188 2048 Anneius
1212 1957 1347 2035 Iiieoine
1372 1957 1499 2035 Secret.

845 2151 931 2226 XIII.

345 2295 491 2375 Dubium
517 2300 588 2370 erat
612 2294 647 2369 iu
671 2293 749 2371 tolio
774 2309 834 2386 ner
859 2311 998 2374 manum
1015 2294 1166 2371 emotum
1193 2295 1389 2371 transmisso
1412 2323 1425 2358 ι
1445 2297 1501 2370 ato

272 2409 457 2500 unisonum
477 2407 573 2480 Gtoro
600 2410 631 2478 et
652 2406 783 2498 nonuto
810 2404 958 2498 cupienti
976 2405 1182 2480 Sanctorum
1203 2407 1398 2496 Martyrum
1416 2406 1498 2478 Gor·

269 2538 374 2612 noro,
389 2537 477 2610 qnae
490 2519 527 2592 in
540 2518 649 2590 attari
666 2517 748 2590 sotis
766 2515 950 2610 honorifice
962 2517 1114 2610 renosIto
1131 2521 1220 2598 sunt,
1230 2518 1498 2608 praecantorum

207 2691 212 2702 .
273 2635 309 2706 in
335 2635 495 2714 locutum,
522 2651 581 2704 soe
608 2633 757 2722 Consum
782 2628 938 2710 condere,
957 2648 1000 2702 oc
1016 2649 1118 2722 seper
1134 2630 1253 2707 eodem
1270 2633 1378 2706 uitari
1394 2633 1497 2706 eoito·

273 2763 373 2826 core,
399 2745 452 2819 vel
478 2745 580 2822 extro
605 2740 793 2814 croacasim
819 2739 1024 2830 transferre,
1045 2741 1156 2832 nocent
1181 2740 1251 2832 mus
1275 2743 1326 2814 rei
1352 2743 1498 2819 tritona

273 2857 496 2949 [acuitatem-
521 2881 533 2916 2
559 2858 591 2924 et
608 2851 755 2927 adhibita
772 2849 984 2926 distinetione
998 2851 1071 2924 Suo.
1091 2851 1312 2944 congregato
1324 2855 1496 2946 respondit

270 2995 283 3029 ‹
309 2969 412 3040 Posse
437 2963 573 3057 quidem
590 2963 757 3044 licentiam
782 2962 967 3038 concedere
993 2963 1192 3039 Sanctorum
1217 2965 1364 3063 Corpora
1381 2983 1498 3059 nonne

270 3085 349 3152 nme
373 3076 449 3150 data
473 3075 665 3168 sepulturae
689 3074 911 3156 transterendi
937 3073 981 3149 ad
1005 3076 1118 3149 Iocum
1143 3075 1369 3156 decentiorem
1394 3079 1429 3153 in
1446 3097 1498 3152 ea·

270 3192 349 3271 utem
374 3190 545 3270 Ecclesia:
571 3187 633 3262 sed
657 3186 839 3270 alienandi,
866 3193 924 3260 aut
949 3194 1043 3262 extra
1059 3188 1247 3265 Dioecesim
1265 3188 1495 3274 transterendi,

270 3303 345 3381 sine
369 3302 509 3377 Romani
535 3300 703 3376 Pontificis
729 3299 921 3374 auctoritato
946 3319 1016 3374 uon
1040 3319 1151 3396 posse.
1177 3330 1189 3363 ι

347 3418 468 3498 Datum
494 3414 548 3490 dio
577 3419 620 3488 67
647 3413 844 3494 Novembris
873 3417 979 3488 6676.

863 3525 1013 3610 Mietoct
1037 3528 1186 3620 Anneius
1210 3527 1344 3606 Itioeim
1372 3529 1493 3610 Staret.

838 3723 925 3806 XIV.

343 3867 503 3950 Dubitant
526 3866 687 3942 Itoniales
705 3866 771 3942 sub
787 3863 995 3949 inuocatione
1011 3865 1045 3939 S.
1064 3865 1202 3940 Ursulee
1218 3883 1261 3938 an
1285 3865 1350 3945 troi
1366 3866 1494 3960 possint

272 3982 489 4074 lndmgeniis
515 3981 630 4062 Ordini
655 3981 809 4060 Fratrum
826 3978 1050 4062 Eremitnrum
1068 3979 1103 4052 S.
1121 3978 1300 4070 Augustini
1325 3981 1404 4056 atius
1421 3999 1496 4056 cou-

271 4097 394 4182 masis,
419 4095 569 4176 manime
592 4111 672 4168 vero
705 4092 760 4174 dio
787 4095 833 4164 66
862 4090 1057 4172 Decembris
1089 4109 1177 4167 nono
1213 4097 1325 4177 6676,
1351 4093 1386 4166 in
1411 4093 1495 4168 testo

272 4213 307 4291 S.
333 4208 589 4302 angustans.
616 4205 783 4290 Monimo,
810 4205 846 4281 S.
876 4203 999 4278 Nicotai
1025 4202 1262 4290 tolentinatis,
1288 4207 1322 4280 S.
1348 4204 1494 4282 tuamne

182 4424 187 4442 Ι
274 4321 318 4406 tic
341 4321 531 4404 turona,
557 4325 590 4400 ct
620 4317 677 4398 din
704 4321 747 4395 ta
773 4315 994 4403 Novembris,
1025 4335 1092 4410 uua
1116 4316 1268 4398 omnium
1295 4317 1492 4450 momorum
