3130 4920
559 381 777 449 -305-

94 514 229 609 peditiom
251 517 283 591 in
308 522 508 612 perpetuum
526 517 684 591 valituris.
702 519 822 592 Datum
839 519 965 592 Romae
981 518 1036 593 die
1055 525 1098 592 lt
1118 521 1285 597 Februarii

93 647 124 701 rr
144 629 308 703 seuemn
328 631 403 703 Sac.
430 631 701 725 congregationis
718 630 903 724 Indulgent.
923 650 1010 705 anno
1029 633 1161 707 Domini
1181 639 1286 710 l8lb.

678 745 706 816 l.
733 743 771 817 D.
799 745 902 818 Gran
930 745 1139 820 Cnnrccrouo
1164 747 1286 826 Pnrur.

763 858 885 932 Petrus
910 859 1113 933 lloccurooi
1140 861 1262 937 secret.

574 966 767 1042 cccxcvi

535 1103 628 1156 onnus
651 1103 693 1156 ar
718 1101 810 1156 onors

140 1191 175 1264 lll
198 1191 327 1286 llagella
359 1191 554 1268 Iracundiae
580 1195 825 1287 omnipotentis
852 1195 920 1280 Dei,
948 1215 1035 1288 quae
1059 1216 1121 1292 pro
1145 1199 1290 1291 peccatis

85 1303 181 1376 uostris
203 1306 358 1397 patimur,
385 1313 419 1379 et
442 1307 525 1379 iram
552 1306 789 1398 indignationis
814 1327 896 1382 suae
917 1328 1023 1402 quam
1041 1329 1104 1384 nos
1120 1330 1290 1387 meremur

82 1422 228 1502 uerteret,
255 1419 314 1510 qni
338 1417 433 1491 bisce
449 1419 662 1512 potissimum
679 1421 885 1515 temporibus
903 1423 1077 1515 repentino
1094 1425 1290 1519 apoplexiae

81 1529 184 1610 norbo,
209 1531 258 1602 sic
283 1529 483 1624 disponente
500 1531 581 1612 Deo,
600 1533 812 1624 corripimur,
838 1533 972 1606 Doridis
989 1543 1170 1628 sequentes
1187 1537 1287 1610 resti·

79 1639 127 1728 gia,
148 1641 201 1733 qui
223 1642 320 1733 juxta
346 1659 538 1715 sermonem
564 1643 636 1716 Gad
662 1663 765 1736 quem
785 1653 1000 1739 praeceperat
1017 1649 1047 1721 ei
1064 1649 1237 1734 Dominus,
1255 1656 1289 1723 et

79 1752 202 1826 orendil
226 1761 260 1828 et
285 1754 472 1828 aedificavit
497 1756 608 1829 llltare
633 1757 793 1840 Domino,
820 1765 854 1830 et
878 1758 997 1832 obtulit
1028 1760 1225 1835 Holocausta
1255 1769 1289 1836 et

76 1863 192 1938 Pacillca
216 1873 250 1940 et
274 1867 473 1961 propitiatus
499 1874 551 1942 est
574 1868 738 1940 Dominus
764 1869 893 1954 Terrae,
913 1877 946 1943 et
963 1872 1107 1947 cobibita
1124 1881 1176 1948 est
1191 1874 1289 1967 plaga

76 1973 225 2068 ablsrael;
238 1977 321 2050 irinc
334 1985 385 2050 est
399 1977 491 2070 quod
504 1979 741 2052 sanctissimus
756 1980 919 2053 Dominus
932 1982 1052 2056 Noster
1065 1985 1143 2057 Pius
1157 1986 1287 2059 revit

75 2085 245 2162 desiderans
270 2090 415 2162 Domino
441 2092 601 2184 populum
628 2091 769 2165 reddere
796 2094 1043 2185 acceptabilem,
1070 2103 1103 2170 et
1120 2097 1287 2170 bonorum

73 2215 190 2291 opernm
223 2209 444 2287 sectatorem,
470 2202 588 2276 fideles
621 2203 713 2296 ipsos
739 2203 783 2276 ad
807 2206 1102 2298 complacendum,
1133 2216 1167 2281 ct
1192 2209 1287 2300 quasi

72 2312 254 2400 quibusdam
279 2314 459 2387 allecturus
477 2315 685 2401 muneribus,
704 2317 919 2409 indulgentiis
938 2318 1100 2403 videlicet,
1119 2325 1152 2393 et
1169 2321 1287 2395 remis-

70 2424 200 2500 sionibus
225 2427 385 2510 inritans,
411 2433 449 2499 ul
474 2427 597 2502 exinde
622 2427 803 2502 reddantur
820 2429 958 2502 Divinae
975 2429 1105 2504 Gratiae
1124 2432 1287 2525 aptiores;

72 2539 207 2612 omnibus
232 2540 414 2632 utriusque
439 2557 542 2613 sexus
567 2539 855 2624 Clnistllidelibus,
883 2542 940 2634 qui
957 2541 1059 2616 corde
1076 2544 1193 2618 sallom
1211 2563 1288 2618 con-

71 2649 131 2721 lritn
154 2670 192 2724 ac
216 2651 342 2725 devote
367 2650 592 2745 intrascrlpus
618 2669 736 2744 preces
762 2653 982 2738 recitaverint,
1010 2656 1142 2747 quoties
1163 2655 1197 2728 id
1214 2673 1289 2750 cge-

69 2759 134 2846 riul‚
161 2763 409 2856 lnunlgentlam
435 2771 570 2838 centum
596 2764 727 2837 dierum
752 2765 898 2857 benigne
927 2767 1103 2841 concessit.
1133 2767 1177 2842 lis
1207 2787 1287 2843 rero

69 2874 223 2968 utiusque
244 2895 352 2950 sexus
369 2875 646 2951 Christilidellbus
664 2876 811 2969 quotidie
837 2896 899 2970 per
923 2898 1050 2953 annum
1076 2867 1286 2974 supraenun·

68 2983 150 3060 elatas
164 3006 288 3082 preces
305 2995 344 3061 ut
359 3006 460 3081 supra
486 2989 701 3063 recitantibus
726 2989 968 3081 indulgentiam
993 2991 1179 3066 Plenariam
1203 2993 1286 3068 lide·

68 3093 138 3172 lbus
157 3120 298 3194 quoque
324 3101 487 3174 delunclls
520 3101 767 3194 applicantem,
795 3108 863 3174 tarn
887 3102 929 3174 in
963 3101 1082 3176 diebus
1108 3104 1288 3179 festivitati·

67 3207 117 3283 bus
139 3213 378 3288 Sanctissimae
392 3214 531 3305 Crucis;
558 3233 658 3306 quarn
685 3215 719 3286 in
744 3213 824 3286 teria
851 3214 967 3306 quinta
993 3221 1137 3288 etsexta
1154 3217 1287 3308 lllajoris

65 3319 302 3400 baebdomadae
319 3326 524 3412 lucrandam,
550 3325 733 3399 dummodo
751 3345 830 3399 rere
847 3328 1056 3419 poenitentes
1078 3327 1222 3402 conlessi
1248 3347 1288 3402 ac

66 3433 93 3504 S.
108 3435 351 3512 commuuione
375 3437 489 3510 relecti
514 3437 653 3521 luerint,
680 3444 714 3511 ct
739 3437 884 3529 aliquam
910 3437 1078 3530 publicam
1104 3437 1287 3512 Ecclesiam

66 3545 256 3625 visitaverint
281 3549 340 3624 ubi
366 3549 621 3622 sanctissimum
646 3549 873 3622 Eucharistiae
898 3550 1151 3623 Sacramentum
1178 3569 1286 3623 asser·

66 3668 156 3748 ratur,
178 3665 297 3757 ibique
319 3681 380 3756 per
396 3662 531 3754 aliquod
547 3663 708 3756 temporis
725 3664 869 3755 spatium
885 3665 981 3756 juxta
998 3669 1145 3738 montem
1163 3663 1288 3736 Sancti·

65 3773 127 3846 talis
164 3777 254 3850 Suae
291 3776 348 3870 pie
381 3776 547 3848 oraverint
577 3774 758 3848 clementer
788 3775 977 3866 impertitus
1007 3781 1068 3848 est.
1107 3773 1288 3868 voluitque

65 3883 211 3962 unctus
242 3889 313 3962 Sua
342 3887 513 3980 perpetuis
537 3886 657 3960 tuturis
689 3888 895 3980 temporibus
921 3888 1049 3978 absque
1075 3887 1140 3959 ulla
1173 3887 1287 3961 Breris

67 4000 269 4088 expeditione
281 3999 352 4072 lore
367 3999 536 4073 valituras
553 4000 675 4074 Datum
692 4001 818 4073 Romae
839 4019 882 4072 ex
907 3999 1090 4073 secretaria
1107 4000 1180 4074 Sac.
1199 4001 1286 4074 Con·

66 4111 253 4202 negationis
278 4109 560 4204 indulgentiarum
587 4111 642 4184 die
667 4115 689 4182 2
715 4111 821 4186 llarlil
849 4114 953 4183 18l6.

587 4225 616 4297 l.
643 4226 702 4298 Pu.
729 4224 832 4297 Cano.
860 4225 979 4296 Scorrr
1004 4223 1212 4298 Pro-Purus.

650 4338 772 4412 Petrus
798 4335 1003 4412 blancorum·
1028 4336 1150 4410 secret.

174 4454 223 4518 20
