3346 4924
670 347 889 414 -iisst-

159 497 185 550 a
205 481 411 571 potestatem
437 475 593 561 tabente,
619 479 649 552 si
673 481 777 552 nolint
801 480 1038 573 indulgentias
1060 480 1260 574 praedictae
1286 481 1395 556 soda-

159 589 253 664 litati
277 609 302 663 a
329 591 477 664 sunnis
502 591 721 687 Pontificibus
746 611 918 668 cmecessas
944 594 1085 678 lucrari,
1103 595 1156 668 oel
1180 612 1229 667 an
1252 593 1396 686 sufficiat

158 705 197 776 ut
223 699 379 774 totilum
405 720 543 777 sacrum
567 704 634 797 ipsi
659 703 769 779 denuo
794 711 970 780 resumant
994 707 1221 800 simpliciter?

231 812 284 884 2⁰
310 815 355 886 nt
381 818 546 905 quolenus
571 814 777 907 affinoulioe
793 816 843 890 ad
857 818 1013 910 ommam
1037 817 1246 904 «Quodnam
1272 823 1397 910 tempo·

155 925 205 998 ris
230 926 383 1018 spatium
411 946 435 998 o
461 925 654 1001 dimissione
680 927 817 1001 latitas
841 930 935 1002 sacri
959 931 1158 1022 requiratur
1173 935 1211 1004 ut
1227 947 1319 1005 noua
1343 947 1397 1004 rc·

156 1037 266 1130 ceptio
293 1043 543 1130 apotesiatem
569 1039 712 1114 labente
737 1041 929 1114 mcessario
957 1043 1025 1114 sit?

231 1147 306 1220 sac.
330 1147 552 1242 congregatio
577 1149 795 1242 indulgentiis
820 1152 1000 1244 sacrisque
1024 1153 1184 1245 Reliquis
1209 1153 1397 1248 praeposita

156 1257 202 1330 ad
225 1258 371 1350 praelata
400 1258 502 1336 dubia
526 1261 701 1354 respondit
724 1269 761 1336 ut
786 1262 880 1336 inira

231 1369 284 1444 Ad
308 1371 455 1465 primum
480 1374 663 1465 ‹Negatiro
681 1373 724 1447 ad
739 1374 882 1466 primam
909 1382 1049 1469 partem,
1067 1373 1271 1453 Affirmatiro
1288 1375 1330 1448 ad
1346 1393 1398 1448 se·

157 1481 303 1558 cundem
317 1512 351 1558 ›.
378 1483 433 1557 Ad
462 1485 649 1560 seeundum
675 1486 873 1558 ‹Provmum
900 1487 1114 1579 inprime».

233 1596 354 1670 Datum
379 1597 505 1672 Romae
522 1615 565 1672 er
582 1598 765 1672 secretaria
782 1598 933 1690 ejusdem
958 1600 1032 1675 Sao.
1057 1597 1329 1691 congregationis
1345 1597 1397 1670 la-

157 1707 406 1800 dutgeotiarum
430 1709 485 1785 die
511 1716 558 1783 27
584 1711 660 1786 Maii
689 1716 794 1786 1857.

804 1823 841 1897 il.
868 1823 972 1897 coar.
997 1821 1171 1905 assumus
1197 1822 1320 1895 Paasr.
1417 1853 1423 1866 ’

780 1935 821 2008 Α.
836 1934 975 2027 trotio.
992 1933 1195 2008 &inmundi
1211 1932 1348 2006 suosttt.

680 2129 878 2204 cccxviii

232 2265 317 2340 Cum
343 2267 463 2340 Sacrae
489 2267 568 2342 huie
592 2268 850 2360 congregationi
875 2267 1093 2360 indulgentiis
1110 2266 1288 2366 sacrisque
1313 2265 1400 2338 ileli-

157 2379 248 2472 quiis
265 2379 472 2473 praepositae
489 2381 675 2454 exhibitum
692 2381 790 2456 tuerit
806 2381 1004 2475 opusculum
1022 2381 1137 2471 gallico
1158 2378 1397 2470 conscriptum,

158 2493 213 2566 eui
239 2493 355 2566 titulus
382 2492 493 2566 Clota
525 2493 568 2566 dc
595 2495 729 2587 aienses
758 2495 935 2587 qrottqms
967 2493 1166 2584 ausquelles
1197 2494 1274 2564 sont
1305 2493 1398 2563 otta·

157 2603 265 2686 cites,
292 2604 350 2678 des
374 2603 596 2698 lodulqeuces
617 2606 786 2698 olinitres
812 2612 844 2679 at
866 2607 1054 2699 porlieltes,
1081 2603 1199 2678 eadem
1216 2603 1290 2674 Sao.
1309 2600 1397 2675 Con-

158 2716 316 2808 gregato,
343 2715 387 2788 ad
411 2717 645 2790 concessiones
670 2716 952 2810 indulgentiarum
979 2717 1014 2790 in
1040 2733 1080 2790 eo
1105 2721 1278 2792 contentas
1304 2711 1396 2805 quod

158 2829 285 2912 attinet,
312 2845 375 2902 nec
399 2845 467 2901 non
493 2828 536 2902 ad
561 2827 768 2902 conditiones
793 2847 856 2923 pro
879 2828 921 2902 iis
945 2828 1114 2904 lucrandis
1139 2826 1265 2901 ibidem
1277 2841 1399 2918 propo

159 2940 259 3024 silas,
285 2939 493 3012 authenticas
523 2955 600 3014 osse
625 2939 786 3024 declarat,
817 2939 1021 3030 easdemque
1052 2939 1140 3031 lypis
1171 2935 1328 3030 imprimi,
1359 2951 1399 3007 ac

159 3049 322 3145 publicari
347 3065 449 3143 posse
474 3052 657 3144 permittit3
684 3059 717 3124 et
746 3051 892 3137 mandat
918 3057 956 3124 ut
980 3049 1105 3143 duplex
1126 3049 1228 3140 hujus
1246 3045 1402 3120 editionis

160 3164 351 3256 exemplar,
377 3164 413 3234 in
439 3161 591 3255 ejusdem
616 3161 707 3237 totis
733 3147 1266 3253 mserrandum,'quamprimum
1293 3163 1400 3230 trans·

160 3275 321 3348 mittatur.
347 3273 468 3355 Damm
486 3274 611 3348 Romae
636 3293 679 3346 ex
704 3273 888 3350 secretaria
905 3273 978 3346 Sao.
996 3269 1269 3363 congregationis
1286 3264 1400 3340 indul-

160 3386 350 3480 gonttamm
375 3385 430 3460 dio
456 3390 503 3458 30
528 3385 603 3462 Maii
629 3389 734 3460 tunt.

665 3550 670 3556 -
826 3499 863 3571 t.
890 3497 993 3572 Cam.
1020 3495 1193 3580 Asoomros
1218 3492 1342 3566 inam.

778 3611 819 3683 Α.
847 3609 1004 3704 Arctior.
1029 3603 1234 3682 Prinaioalli
1261 3599 1400 3676 snosltt.

693 3805 865 3880 DCLXlX.

141 4007 148 4019 .
236 3945 323 4020 Cum
347 3945 596 4020 intermerata
621 3946 655 4018 in
668 3945 781 4020 indice
797 3945 973 4019 Librorum
991 3918 1401 4037 prohibitorumcompre-
1544 3950 1548 3970 ·

160 4059 277 4132 hensa·
294 4061 344 4148 (ς.
370 4059 413 4130 ltt
438 4057 494 4132 N.⁰
513 4060 579 4146 li)
595 4058 762 4132 Statutum
779 4057 823 4129 sit
839 4055 1139 4148 Indutqentiarum
1154 4051 1258 4124 libros
1276 4065 1400 4171 omncs,

161 4169 304 4252 Diaeta
333 4170 544 4250 summario,
571 4168 713 4250 ticettos,
739 4168 825 4261 [olio
840 4168 879 4240 io
897 4167 1017 4258 quitus
1037 4181 1159 4239 eorum
1176 4175 1402 4235 concessiones

162 4283 379 4362 continentur
403 4301 473 4360 nou
499 4301 567 4358 esse
597 4279 730 4356 edendo
761 4281 888 4372 aisque
922 4279 1060 4356 licentio
1094 4278 1171 4352 sac.
1209 4272 1405 4364 Gonqreqa·
