3182 4922
632 383 678 403 -
707 355 774 420 sar
805 387 849 402 -

117 489 398 586 Arcffipresbyler
423 490 563 582 insignis
589 488 746 562 Basilioae
771 491 806 561 S.
833 489 954 563 llariae
979 489 1014 561 in
1039 489 1220 577 cosmedin
1244 492 1286 566 de
1303 495 1362 568 Ur-

117 607 174 690 be,
200 605 406 678 Secretaviae
431 601 583 695 ejusdem
601 603 721 674 Sacrae
738 601 1012 694 congregationis
1029 603 1236 677 substitutus
1253 606 1287 678 in
1305 606 1362 680 de·

118 718 206 790 aima
232 715 381 790 secunda
406 713 558 788 llditioue
583 714 754 799 collectas,
781 715 815 786 in
840 715 903 787 bac
928 715 1017 788 Urbe
1048 717 1232 808 evulgavit,
1260 725 1361 810 atque

119 830 242 902 iterum
269 829 311 901 ab
337 845 378 900 eo
403 845 447 899 ev
472 827 705 919 typographia
730 828 940 900 Salvioniana
966 828 1061 901 novis
1082 829 1361 922 generalibusque

120 940 397 1014 concessionibus
421 939 619 1030 locupletata
645 939 679 1010 in
704 939 813 1012 lucem
840 940 1010 1012 emittitur.

194 1055 312 1144 ltaque
338 1053 437 1123 Sacra
463 1051 545 1123 baec
578 1051 798 1142 congregatio
824 1050 1041 1142 Indulgentiis
1067 1053 1245 1144 sacrisque
1275 1055 1361 1128 lleli·

121 1165 210 1256 quiis
236 1163 426 1256 praeposita
451 1179 519 1232 non
545 1161 654 1233 solum
681 1162 886 1254 praedictum
913 1163 1006 1256 Opus
1031 1166 1187 1240 omnibus
1204 1166 1363 1241 Cbristifi·

1 1321 2 1324 κ
119 1277 253 1351 delibus
280 1275 363 1346 vivis
388 1291 427 1346 aa
452 1273 618 1346 deiunctis
644 1275 793 1347 manime
819 1276 958 1367 perutile
982 1276 1052 1350 lore
1078 1279 1231 1370 probavit
1263 1286 1296 1353 et
1326 1286 1363 1353 ut

1 1423 2 1436 ι
120 1389 351 1463 authenticum
376 1386 580 1478 recognovit,
608 1404 724 1458 vemm
752 1389 850 1461 etiam
876 1389 1014 1473 monuit,
1041 1397 1079 1463 ut
1103 1392 1131 1463 si
1149 1392 1182 1462 in
1201 1410 1362 1483 quacum·

122 1521 191 1595 que
216 1499 369 1592 ejusdem
395 1499 514 1590 Operis
539 1498 693 1571 Editione
718 1517 780 1572 seu
806 1501 959 1574 versione
972 1502 1214 1594 cuiuscumque
1227 1493 1364 1576 idioma-

1 1637 2 1666 ι
120 1615 164 1687 tis
191 1621 259 1684 mm
285 1613 369 1684 intra
395 1629 497 1702 quam
525 1617 619 1682 extra
644 1611 768 1684 Urbem
792 1613 861 1704 jam
887 1620 1032 1699 exarata,
1059 1616 1112 1688 vel
1136 1615 1362 1708 inposterum

1 1801 2 1810 p
121 1724 302 1808 exaranda,
328 1722 469 1796 dubium
496 1722 631 1814 aliquod
658 1723 803 1796 subinde
828 1727 1002 1798 emerserit
1026 1727 1098 1798 sive
1123 1727 1235 1819 quoad
1251 1728 1362 1802 ludul-

1 1875 2 1878 ι
120 1839 310 1931 gentianum
323 1836 571 1920 concessiones
586 1835 658 1908 sive
676 1835 787 1926 quoad
804 1838 1025 1930 praescriptas
1042 1837 1248 1914 conditiones
1261 1841 1365 1914 adim·

120 1950 287 2044 pleodas,
315 1948 357 2020 ad
382 1955 593 2040 praesentem
632 1947 927 2021 decimamtertiam
960 1949 1143 2024 Romanam
1173 1951 1361 2025 Editinnem

120 2064 156 2135 iu
190 2063 272 2136 aclis
298 2061 404 2153 ipsius
429 2061 502 2132 Sao.
535 2059 807 2152 congregationis
832 2059 969 2133 relatam
994 2079 1151 2135 recursus
1181 2063 1361 2154 babeatur;

122 2195 161 2249 ac
186 2179 365 2267 propterea
390 2178 428 2246 ut
453 2171 517 2245 boc
541 2173 718 2244 Decretum
745 2173 902 2244 omnibus
927 2172 1063 2247 omnino
1078 2178 1197 2268 pateat,
1216 2175 1304 2267 typis
1321 2175 1364 2247 si·

119 2287 245 2359 militer
269 2293 341 2357 tum
367 2285 467 2356 latino
493 2289 564 2356 tum
590 2284 697 2356 italico
730 2281 887 2356 idiomate
919 2284 1141 2376 impressum,
1168 2284 1211 2356 ad
1239 2287 1363 2360 calcem

118 2398 290 2492 praelatae
316 2395 477 2470 Editiouis
504 2395 626 2488 apponi
652 2393 833 2467 mandavit.
860 2396 979 2468 batum
1006 2396 1131 2468 llomae
1157 2414 1200 2468 ev
1216 2395 1364 2470 Secreta·

117 2511 166 2585 ria
195 2508 349 2604 ejusdem
375 2507 449 2580 Sao.
471 2505 748 2599 congregationis
761 2503 890 2598 ludulg.
908 2505 962 2578 die
983 2511 1025 2578 lb
1043 2505 1237 2580 Decembris
1258 2511 1362 2582 tabl.

820 2617 856 2692 1³.
883 2615 986 2692 Cano.
1012 2617 1186 2702 dsoormus
1211 2619 1334 2693 Panes.

877 2731 918 2802 Α.
948 2731 1259 2806 ostentauere.

655 2927 824 3002 ncxtvl.

585 3073 725 3125 nmtoms
751 3071 911 3126 cateruae

199 3183 284 3254 Cum
311 3183 389 3254 Sao.
418 3180 646 3272 Conprepotio
676 3178 976 3272 ludulpentiorurn
1001 3178 1038 3250 in
1062 3198 1133 3251 uua
1154 3179 1362 3254 Valentiam.

120 3295 184 3368 sub
212 3293 267 3366 die
293 3299 315 3364 5
341 3292 524 3366 Februarii
552 3295 640 3363 ltili
664 3290 903 3363 resolutionem
921 3289 1065 3362 dedisset
1089 3291 1239 3382 sequenti
1257 3289 1361 3364 dubio
1419 3315 1429 3324 ·

119 3435 132 3468 ι
150 3406 273 3478 Utrum
289 3404 444 3500 infirmus
456 3405 589 3496 pluries
614 3404 746 3476 lucrari
766 3405 875 3496 possit
891 3401 1146 3494 indutqeatiare
1161 3402 1363 3475 Plenorium

119 3519 159 3591 in
184 3517 306 3588 emrtts
331 3517 479 3589 articulo
505 3515 709 3608 aptioribus
737 3512 978 3587 Sacerdotibus
1002 3511 1203 3606 facultatem
1234 3510 1361 3586 itaben-

121 3629 214 3702 tibus
238 3627 526 3720 impertiendam?
551 3624 735 3718 Respondit
758 3625 916 3716 Negative
941 3624 976 3696 in
1002 3623 1121 3698 eodem
1147 3625 1263 3698 mortis
1285 3621 1361 3697 arti·

120 3739 201 3813 culo
214 3769 249 3810 ι.
276 3737 410 3812 Emeda
436 3739 624 3830 quaeratur.

202 3849 252 3922 t.⁰
282 3851 401 3922 Utrum
426 3850 461 3922 oi
482 3848 718 3942 praecedentis
751 3849 966 3922 resolutionis
985 3846 1200 3944 prohibitum
1224 3848 1279 3928 sit,
1310 3847 1362 3919 ie·

120 3965 237 4058 pinno,
263 3962 301 4034 in
327 3960 444 4033 eodem
469 3962 588 4033 mortis
608 3961 764 4052 periculo
780 3959 1009 4053 permanenti,
1035 3959 1206 4052 impertiri
1216 3957 1361 4050 pluries,

121 4077 168 4147 ob
197 4072 317 4146 eodem
342 4073 396 4145 uel
421 4073 625 4164 opluribus
644 4072 883 4146 &aedoneus
909 4071 998 4145 baec
1017 4071 1219 4165 facultatem
1236 4069 1363 4143 baben·

123 4187 215 4262 tibus
240 4183 498 4276 ludulpentiem
523 4183 723 4258 Plenariaru
748 4185 785 4257 io
810 4184 956 4258 amiculo
986 4183 1116 4265 mortis,
1143 4200 1231 4274 quae
1255 4183 1360 4274 oulpo

121 4296 318 4374 &nodedu
342 4296 473 4391 Papalis
498 4293 647 4372 dieiturr
