3346 4924
299 291 347 421 o'o

624 573 935 642 monocrator
956 571 1166 658 rainnero·

346 765 412 832 ΞΗ
432 767 493 832 lias
513 767 606 832 ellam
626 781 731 833 omnes
752 765 964 845 Indulgentiae
985 763 1131 844 consequi
1151 768 1294 844 noenum
1315 761 1439 832 Saintes
1451 763 1519 835 ulli·

263 864 309 928 ris
331 863 468 930 locorum
495 865 729 941 commorantes,
748 862 774 926 si
796 860 878 942 apud
897 859 1065 927 Ecclesiam
1092 859 1269 927 mmmdem
1297 858 1444 939 locorum,
1464 863 1519 928 aut

266 957 350 1036 alibi,
364 963 399 1021 ut
417 963 571 1039 poterunt,
586 973 678 1038 opera
700 955 909 1038 praestabunt,
923 969 1002 1034 quae
1023 957 1097 1018 snut
1116 953 1262 1018 servanda
1283 954 1320 1019 ad
1341 953 1518 1038 huiusmodi

265 1051 477 1132 indulgentias
498 1050 739 1132 consequendas.

347 1146 413 1210 22⁰
433 1145 560 1212 sodales
583 1149 813 1226 consequuntur
833 1161 939 1210 omnes
960 1141 1169 1224 indulgentias
1188 1141 1359 1208 stationum
1373 1139 1518 1210 ucatmls

264 1257 335 1307 rum
349 1241 449 1320 Urbis,
463 1241 527 1306 sire
548 1243 629 1306 inira
650 1242 718 1316 sire¹
733 1246 819 1307 entra
840 1257 944 1309 muros
966 1238 1060 1318 illios,
1075 1238 1102 1307 oi
1123 1237 1233 1306 diebus
1253 1237 1517 1318 Quadraueeimse,

264 1341 297 1400 et
310 1336 377 1400 aliis
390 1336 463 1402 anni
485 1336 684 1417 temporibus,
704 1352 739 1400 ao
761 1335 871 1402 diebus
891 1334 1062 1400 stationum
1086 1332 1262 1414 huiusmodi
1283 1331 1449 1404 Ecclesiam
1463 1331 1518 1398 So·

264 1430 382 1494 cielatis
402 1431 491 1509 lesu,
513 1434 538 1493 si
561 1429 603 1493 ibi
627 1429 738 1508 luerit,
759 1430 896 1509 alioquin
918 1429 1009 1492 aliam
1028 1427 1195 1494 Ecclesiam
1215 1442 1268 1493 seu
1291 1425 1464 1508 depositam
1484 1426 1518 1494 iu

265 1524 350 1603 locis,
361 1524 413 1588 ubi
428 1541 480 1588 eos
495 1538 549 1604 pro
564 1529 700 1604 tempore
715 1539 781 1588 esse
795 1523 971 1602 contigerit,
982 1523 1089 1588 denote
1102 1521 1299 1598 visitaverint,
1309 1526 1340 1586 et
1352 1521 1395 1591 ibi
1406 1520 1518 1602 septies

266 1616 443 1684 Orationem
462 1617 663 1698 dominicam,
684 1624 716 1684 et
737 1618 851 1700 seniles
871 1618 1048 1700 angeltean
1062 1616 1282 1684 Salutationem
1296 1615 1498 1690 recitaverint¹

664 1763 871 1891 leucerni
885 1824 945 1888 oro
964 1765 1122 1890 neronio

346 1996 411 2062 23.ο
433 1997 544 2063 Omnes
574 1996 767 2078 suprodictae
788 1996 999 2077 indulgentiae
1030 1994 1176 2078 applicari
1206 1994 1388 2076 possunt-iu
1408 1993 1518 2068 sulita

266 2091 352 2172 glum
374 2092 544 2156 animarum
566 2091 701 2156 fidelium
723 2091 945 2156 detunctorum.

346 2185 412 2249 249
434 2187 536 2252 Allare
556 2186 691 2265 cujusvis
713 2185 965 2268 Congregationls
986 2190 1040 2251 aut
1061 2183 1199 2258 sodalitii
1220 2183 1371 2264 ejusmodi
1391 2188 1438 2248 est
1455 2185 1516 2249 Pri·

265 2279 443 2359 vilegialum
463 2296 534 2344 cum
554 2282 731 2344 extensione
747 2281 785 2346 ad
799 2297 904 2346 omnes
918 2279 1095 2346 Sacerdotes
1116 2296 1170 2362 nro
1191 2281 1293 2345 anima
1306 2279 1517 2360 quorumlibet

265 2360 403 2441 ipsorum
424 2361 581 2425 sodalium
602 2366 732 2425 tantum.

347 2455 412 2520 259
435 2456 496 2538 lpsi
517 2472 587 2522 vero
601 2455 725 2523 Sodales
746 2455 924 2522 Sacerdotes
945 2460 1072 2536 possunt
1091 2472 1146 2540 pro
1167 2454 1267 2530 anima
1290 2423 1417 2522 suorum
1437 2455 1517 2537 pari·

264 2554 315 2613 ter.
331 2549 489 2615 Sodalinm
509 2550 661 2615 celebrare
682 2551 803 2615 llissam
824 2567 896 2618 oum
916 2551 1023 2618 eodem
1043 2550 1205 2634 Prisilegio
1226 2549 1265 2618 ati
1286 2549 1445 2634 quodlibet
1464 2547 1518 2616 Al·

264 2649 328 2710 tare
349 2644 571 2727 cujuscumque
592 2646 755 2713 Ecclesiae.

342 2854 415 2926 Sao.
442 2853 661 2947 congregatio
686 2854 906 2948 indulgentiis
931 2855 1113 2948 sacrisque
1136 2855 1297 2947 deliquiis
1321 2853 1514 2948 praeposita

266 2983 568 3060 snpererpressum
606 2967 889 3060 Indulgentiarum
923 2985 962 3042 ao
995 2965 1247 3060 Privlleglo'mm
1283 2967 1512 3042 summarium

267 3079 454 3173 approbari,
480 3079 642 3176 publicari
668 3099 707 3156 ac
731 3081 878 3176 imprimi
909 3099 1011 3175 posse
1037 3080 1183 3170 censuit;
1210 3080 1253 3154 de
1277 3079 1402 3174 quibos
1426 3077 1513 3152 lacta

264 3211 326 3286 per
350 3211 406 3266 me
431 3192 584 3284 ejusdem
610 3194 684 3267 Sao.
705 3193 979 3288 congregationis
1005 3193 1306 3274 Prosecretarium
1332 3191 1386 3268 die
1405 3197 1426 3269 7
1444 3192 1511 3270 Iic-

265 3305 410 3378 cembris
439 3310 533 3378 lits
558 3305 777 3382 Sanctissimo
802 3307 946 3382 Domino
971 3307 1141 3392 relatione,
1166 3306 1331 3384 Sanctitas
1356 3305 1424 3380 Sus
1449 3324 1510 3379 vo·
1650 3409 1651 3424 Ν

265 3423 337 3490 tum
363 3417 397 3490 S.
424 3415 698 3510 congregationis
722 3418 869 3512 benigne
894 3419 1101 3514 approbarit

746 3631 807 3742 lin.¹
830 3631 859 3703 J.
885 3631 989 3704 cluo.
1016 3631 1283 3704 Ponroelnannn
1308 3629 1432 3703 Polus.

834 3744 874 3815 A.
894 3744 932 3816 ld.
966 3743 1151 3818 l'icccomes
1174 3744 1383 3818 Pro-secret.
