3164 4926
787 371 1008 440 -ttu-

278 503 506 598 indulgentias
530 523 569 579 ac
594 511 807 599 peccawrum
831 509 1048 582 remissiones
1073 505 1173 578 etiam
1198 501 1383 576 tuimaims
1409 499 1510 574 iiius-

277 617 360 693 iium
383 619 623 694 usiunctorum
648 639 709 714 pec
734 620 872 694 modum
898 619 1046 713 suiicsgii
1062 619 1219 713 applicari
1235 617 1366 690 saieeut
1382 615 1416 688 in
1432 633 1511 708 per·

276 739 418 825 patrum
442 733 623 806 elementer
648 735 823 820 noncessit,
840 741 940 826 atque
965 733 1112 807 indulsit.
1138 731 1211 805 Nou
1241 729 1449 803 obstantibus
1474 728 1512 800 iu

277 847 480 922 eontrarium
504 847 701 922 iacientibus
734 848 1022 940 quibuscumque3
1056 847 1227 938 vetuitque
1255 843 1418 919 Sanctitas
1442 841 1512 914 Sua

276 959 427 1054 singutas
451 960 514 1034 has
538 961 660 1055 gratias
685 961 815 1054 absque
839 962 906 1035 ulia
930 960 1045 1034 Brevis
1070 957 1302 1052 expedictione
1325 953 1512 1046 suiiragcri.

800 1075 859 1148 Fu.
885 1075 913 1148 J.
939 1074 1043 1148 Canu.
1073 1075 1338 1146 Ponrocanttuno
1362 1070 1486 1142 Pnesr.

765 1189 805 1261 Α.
832 1189 878 1264 Μ.
905 1189 1000 1262 arto
1025 1189 1121 1262 Prot
1145 1185 1359 1280 apostoticae
1386 1181 1512 1256 secet

809 1385 981 1460 ccxxiii.

601 1528 718 1594 AQUBN·
745 1529 942 1586 euovutttttu
966 1527 1186 1586 mitium.

350 1633 586 1710 sanctissimus
611 1637 775 1710 Dominus
799 1635 919 1711 Noster
944 1636 1143 1710 Benedictus
1167 1633 1229 1712 ie.
1256 1631 1333 1708 iiiii
1353 1633 1513 1706 omnihus

277 1755 311 1821 et
335 1747 475 1839 singuiis
501 1746 745 1823 consororibus
777 1749 966 1824 sodalitatis
998 1750 1155 1824 iiiiiumm
1187 1749 1309 1824 itariae
1340 1763 1514 1838 nuncupa-

276 1865 330 1932 tuc
354 1861 391 1932 in
415 1861 563 1936 Ecclesia
588 1863 623 1933 ii.
649 1863 771 1936 ituriae
795 1864 942 1956 Virginis
967 1864 1147 1938 uotorosae
1170 1863 1317 1938 Ciuitatis
1341 1857 1513 1953 Aquensis

277 1971 470 2046 Provinciae
494 1974 713 2048 Mediolanen.
744 1995 823 2050 vere
855 1978 1121 2071 poenitentibus,
1155 1987 1189 2050 et
1217 1975 1396 2059 confessis
1423 1990 1513 2066 quae

273 2099 335 2176 per
360 2085 501 2160 modum
526 2085 779 2161 communionis
805 2090 976 2163 Generalis
1002 2087 1262 2163 sanctissimum·
1283 2085 1513 2160 Eucharistiae

275 2196 528 2271 Sacramentum
554 2201 587 2272 in
614 2201 789 2275 testivitate
814 2203 1063 2296 assumptionis
1089 2203 1124 2276 it.
1151 2201 1191 2276 V.
1217 2201 1451 2275 immaculatae
1475 2199 1513 2272 in

270 2307 439 2402 praedicta
463 2313 609 2387 cortesis
641 2317 864 2408 sumpserint,
895 2317 1010 2408 ibique
1035 2335 1097 2410 pro
1123 2315 1387 2389 Christianorum
1414 2311 1511 2383 Prin-

274 2422 388 2515 cipum
414 2423 602 2512 concordia,
628 2426 806 2501 haeresum
833 2429 1064 2523 extimatione,
1091 2447 1129 2501 ac
1154 2427 1295 2500 Sanctae
1320 2425 1434 2500 Matris
1450 2425 1514 2497 iic-

273 2533 394 2610 ciesiae
420 2538 620 2612 exaltatione
645 2541 718 2632 pias
743 2541 786 2612 ad
811 2541 918 2615 Deum
943 2559 1062 2634 preces
1092 2539 1279 2622 effuderint,
1305 2537 1512 2626 Planasiam

272 2645 393 2720 iisdem
419 2649 686 2737 consororibus,
714 2672 801 2744 quae
826 2655 881 2729 die
906 2653 1162 2747 vigesimatertia
1187 2649 1342 2735 ianuarii,
1360 2651 1395 2723 in
1410 2651 1514 2723 Festo

272 2757 516 2833 Pmiumtioois
541 2770 575 2836 et
598 2762 874 2839 Annuntiationis
900 2765 1051 2859 ejusdem
1075 2768 1112 2838 B.
1138 2760 1181 2840 iti.
1208 2763 1373 2856 Virginis,
1394 2758 1514 2835 Domi-

271 2871 346 2944 nieu
371 2871 478 2965 prium
503 2876 637 2969 ipritis,
662 2879 749 2964 iiaii,
777 2879 875 2964 iunii,
903 2881 938 2951 iu
963 2879 1139 2953 testivitate
1163 2877 1367 2952 visitationis
1389 2881 1423 2949 et
1444 2877 1512 2950 Nu·

271 2983 404 3058 tipicis
430 2987 581 3062 laudatae
605 2991 641 3062 B.
668 2991 711 3066 ii.
729 2991 876 3085 Virginis
892 2993 1127 3066 immaculatae
1144 2991 1395 3065 sanctissimam
1412 2987 1513 3064 Cum-

270 3097 466 3172 munionem
490 3102 525 3174 iu
550 3103 698 3196 praefata
722 3105 870 3180 Ecclesia
894 3107 1100 3199 peregerint,
1127 3109 1161 3179 et
1190 3110 1228 3179 ui
1260 3122 1363 3197 supra
1389 3119 1510 3176 orara·

269 3207 358 3294 iiut,
384 3229 452 3303 qua
482 3209 536 3287 die
567 3216 621 3288 vel
653 3217 868 3290 festivitatum
902 3219 955 3292 vei
988 3219 1159 3291 Dominica
1196 3217 1440 3310 praefatarum,
1475 3216 1514 3290 iu

270 3322 409 3412 egerint,
436 3333 566 3418 septem
593 3345 758 3403 annorum
781 3330 987 3422 totidemque
1008 3331 1303 3422 Quadragenarum
1327 3329 1513 3420 induigen-

269 3434 359 3520 uem,
387 3455 489 3528 quam
515 3437 701 3516 Animatus
727 3441 890 3518 Fideiium
915 3445 1155 3518 Deiunetorum
1180 3463 1241 3536 per·
1270 3443 1409 3516 modum
1438 3443 1514 3516 sui·

186 3649 190 3654 Ι
268 3544 364 3637 iurgii
389 3549 555 3642 applicare
581 3555 723 3640 valeant,
749 3555 896 3649 henigne
921 3557 1097 3630 consessit.
1132 3557 1302 3630 Praesenti
1327 3557 1362 3628 in
1388 3572 1513 3648 perpe·

121 3723 126 3734 .
268 3663 365 3732 tuum
391 3663 542 3738 valituro.
569 3667 750 3759 voluitque
777 3669 940 3742 Sanctitas
966 3671 1033 3742 Sua
1058 3669 1146 3741 itanc
1171 3669 1309 3760 gratiam
1335 3667 1514 3759 suffragari

268 3769 399 3864 absque
415 3775 481 3850 ulla
497 3777 612 3854 Breuis
630 3779 875 3874 expedictione.
901 3783 1022 3854 uatum
1047 3781 1174 3854 Romae
1191 3781 1244 3854 die
1264 3785 1284 3852 7
1303 3781 1379 3854 Maii
1398 3783 1510 3852 titii.

906 3895 1070 3968 Hmnrros
1096 3895 1199 3968 Canu.
1226 3893 1432 3967 Pto-Panse.

780 4007 820 4081 ri.
838 4005 884 4086 it.
902 4007 997 4082 Eric
1022 4009 1116 4084 Pici.
1142 4007 1356 4102 spostolicae
1382 4007 1512 4082 secret.
