3182 4922
597 365 816 430 -ιιι-

98 499 198 573 dietus
221 497 534 572 Reuereudissimus
559 499 596 571 P.
622 497 793 572 Generalis
810 497 919 572 enisis
935 499 1091 592 precibus
1115 501 1325 592 supplicatio

98 631 170 686 nem
194 612 344 704 porrexit
367 610 536 684 sanctitati
562 611 650 684 Suae
676 610 719 686 ad
742 609 869 684 labilius
895 611 1102 684 inducendos
1124 613 1265 704 juvenes
1282 613 1325 686 ad

98 723 245 798 eamdem
261 725 393 817 praxim
410 724 674 816 amplectendam
692 731 729 796 ut
745 725 847 797 &oro
863 724 1146 816 indulgentiarum
1167 726 1323 799 thesauro

97 837 136 910 de
150 835 353 928 benignitate
369 837 558 930 apostolica
574 836 662 909 illam
680 836 877 910 adhibentes
892 835 999 910 ditare
1015 838 1103 910 uelit
1117 839 1325 932 Quapropter
1345 855 1351 866 ·

97 949 329 1022 sanctissimus
353 949 516 1021 Dominus
541 950 660 1022 Noster
690 949 769 1022 Pius
801 950 863 1022 PP.
890 949 936 1021 lll
961 949 1144 1024 enunciatis
1168 951 1324 1043 precibus

95 1063 235 1154 benigne
260 1079 414 1134 annuens
439 1061 597 1135 omnibus
622 1063 798 1154 utriusque
823 1081 928 1135 serus
953 1062 1240 1149 christifidelibus,
1266 1065 1324 1156 oni

95 1175 271 1267 praelatam
297 1174 486 1248 Orationem
513 1173 921 1266 quoenmoueidiomate,
947 1172 1130 1247 dummodo
1155 1175 1265 1248 versio
1281 1177 1325 1250 sit

94 1286 206 1370 liudis,
234 1305 335 1359 mane
359 1293 393 1358 et
417 1305 559 1383 uespere
583 1293 659 1379 post
684 1287 806 1359 dietam
832 1305 910 1360 oum
935 1286 1076 1370 terrore,
1094 1293 1127 1360 et
1143 1287 1244 1363 eorde
1263 1288 1326 1362 sal-

95 1407 155 1472 tam
180 1399 335 1482 enutrito,
361 1399 600 1472 Salutationem
625 1400 828 1490 angelicam,
845 1399 1065 1483 recitaverint,
1082 1398 1325 1492 indulgentiam

95 1519 222 1586 mutum
249 1511 380 1585 dierum
406 1512 512 1584 semel
537 1513 571 1584 in
597 1511 670 1595 die,
697 1513 737 1584 ils
762 1530 842 1585 uero
868 1512 926 1603 qni
951 1512 1091 1604 singulis
1121 1511 1240 1586 diebus
1264 1531 1326 1606 per

93 1641 241 1698 mensem
253 1624 290 1696 id
302 1625 538 1717 praestiterint,
564 1625 752 1697 Plenariam
769 1624 874 1697 semel
890 1624 925 1696 in
941 1641 1059 1698 mense
1076 1623 1324 1716 anquirendum,
1429 1703 1434 1714 ,

93 1754 128 1808 ea
150 1736 204 1811 die
231 1755 301 1829 qna
325 1754 405 1810 rere
429 1737 640 1828 poenitentes
665 1737 820 1820 noniessi,
837 1754 877 1809 ao
892 1755 987 1810 saera
1011 1737 1255 1812 communione
1271 1756 1324 1812 re·

93 1849 159 1922 lenti
176 1850 326 1942 aliquam
342 1849 537 1934 Ecolesiam,
554 1869 622 1923 seu·
634 1849 805 1942 pubinum
829 1851 1015 1924 oratorium
1035 1851 1249 1936 visitaverint
1266 1851 1326 1925 ibi·

93 1977 154 2052 qne
169 1981 241 2054 -per
256 1961 392 2054 aliquod
407 1961 568 2054 temporis
583 1962 729 2054 spatium
751 1963 846 2054 juxta
863 1968 1011 2036 mentem
1032 1963 1219 2036 Sanotibtis
1236 1963 1325 2038 Suae

93 2075 274 2164 oraverint;
300 2081 334 2148 et
357 2075 491 2166 quoties
508 2075 542 2148 in
559 2075 677 2167 quavis
694 2075 875 2148 tentatione
892 2075 1072 2166 praelatam
1089 2076 1324 2168 aspirationem

91 2193 215 2260 butum
232 2187 434 2272 breuiorem,
458 2205 674 2280 quocumque
690 2187 813 2280 pariter
829 2186 996 2271 idiomate,
1013 2187 1196 2260 dummodo
1213 2190 1324 2262 versio

91 2299 131 2372 sit
144 2299 266 2384 meurs,
284 2299 386 2374 eorde
402 2299 524 2393 pariter
540 2300 681 2384 nunniti,
699 2319 738 2373 ae
753 2298 873 2373 devote
887 2299 1108 2383 recitaverint,
1126 2299 1224 2372 totim
1241 2319 1325 2391 qua·

91 2411 236 2507 draginta
263 2413 395 2487 dierum
420 2412 663 2506 indulgentiam
689 2412 869 2486 elementer
894 2412 1050 2504 elargitus
1067 2418 1128 2486 est
1154 2413 1324 2487 Praesenti

89 2525 120 2596 in
143 2533 347 2619 perpetuum
375 2527 514 2599 valituro
539 2526 669 2617 absque
692 2525 770 2598 ulla-
784 2525 897 2597 Brevis
930 2523 1153 2616 expeditione,
1187 2530 1221 2597 et
1245 2544 1323 2598 num

89 2637 238 2712 facultate
255 2636 392 2711 easdem
409 2637 635 2731 indulgentias
652 2638 898 2730 in‘sullragium
914 2637 1062 2710 lldelium
1084 2637 1323 2710 Dolunotorum

89 2750 285 2844 applicandi,
310 2769 380 2824 non
398 2750 634 2824 obstantibus
625 2769 659 2823 m
677 2751 879 2824 eontrarium
896 2750 1091 2824 lactentibus
1108 2751 1324 2842 quibuscum·

89 2865 313 2953 pneumam
338 2865 464 2937 llomae
489 2883 533 2936 er
558 2863 741 2938 secretaria
765 2865 839 2937 Sao.
857 2862 1129 2956 congregationis
1146 2865 1322 2958 indulgen-

88 2975 204 3050 tlarum
230 2975 288 3050 dle
313 2981 335 3048 5
360 2975 502 3068 Augusti
531 2981 636 3048 lbbl.

759 3086 1125 3170 omnisomnis
1150 3037 1272 3164 Pauor.

817 3201 858 3272 l.
887 3199 1047 3274 Columbo
1074 3201 1196 3272 Serrei.

384 3339 388 3347 ·
647 3331 767 3385 enarro

158 3427 187 3497 O
219 3424 378 3498 Βοιιιιιιιι
410 3427 515 3498 men!
550 3425 724 3498 dunler
748 3429 853 3497 meo!
881 3423 955 3497 lttr·
978 3441 1032 3496 rrae
1057 3427 1165 3496 totum
1191 3424 1320 3517 offero,

86 3541 187 3628 otone
211 3541 254 3609 ut
279 3556 333 3609 me
362 3537 436 3609 lttt
455 3535 601 3629 probem
627 3535 796 3619 devotum,
823 3554 980 3610 moerore
998 3535 1071 3609 Tibi
1088 3535 1189 3610 bodie
1206 3538 1322 3611 oeulos

83 3667 184 3733 meos,
212 3669 318 3724 eures
342 3669 448 3731 meos,
471 3669 513 3722 os
537 3667 662 3731 meum,
688 3667 750 3722 eor
773 3667 897 3732 metm,
909 3651 1080 3742 pleneme
1094 3651 1211 3722 totum.
1230 3651 1319 3734 Qun·

83 3762 179 3834 mom
204 3764 326 3853 ungue
350 3765 428 3834 turo
452 3779 540 3843 sum,
566 3781 588 3834 o
614 3763 707 3834 boon·
729 3763 853 3844 Mater,
879 3749 987 3836 sereo‘
1003 3781 1069 3844 me,
1095 3759 1235 3853 defende
1253 3779 1319 3843 me,

84 3877 218 3948 utrem
244 3893 288 3948 oo
308 3874 555 3966 possesunnem
579 3877 687 3946 tunm.

307 4153 313 4163 ι
355 4025 561 4132 rserumm
583 4066 624 4130 m
645 4066 785 4144 oulvrs
806 4065 1050 4152 rnurlrronn

152 4205 183 4279 0
207 4206 363 4280 Dereion
387 4211 492 4279 oreo!
519 4206 548 4277 0
572 4205 687 4278 lloter
710 4209 814 4278 meo!
839 4206 1004 4277 memento
1030 4221 1083 4275 me
1116 4220 1184 4277 esse
1209 4208 1315 4278 tarum.

86 4315 189 4392 Semo
214 4336 282 4401 nte,
309 4315 452 4411 defende
476 4335 542 4401 me,
568 4321 607 4392 ut
631 4335 705 4391 rem
729 4336 772 4394 oe
788 4315 1036 4409 'onerationem
1061 4319 1167 4390 tuom.
