3134 4918
455 333 457 341 ’
566 377 869 456 -431-1·

626 571 740 646 oxnn.
834 516 842 658 s

580 731 789 786 coenoman.

147 853 224 924 iiim
248 855 287 925 in
311 851 527 926 Kalendario
553 854 730 952 Liturqico
743 871 749 884 ·
763 852 938 926 dioecesis
965 850 1214 926 Meritinieusis
1239 873 1302 928 on·

10 963 11 1022 ³
87 966 219 1037 notiori
243 966 377 1038 soleant
401 965 641 1056 indutqentiae
667 967 703 1037 in
728 962 934 1055 quibusdan
956 963 1056 1057 sestis·
1079 966 1234 1039 omnium
1260 965 1301 1061 fi·

86 1076 194 1150 dotibus
209 1095 398 1158 concessae,
418 1076 616 1152 Cordinotis
631 1076 914 1169 archiepiscopus
938 1074 1052 1149 dictae
1068 1077 1236 1152 Dioocesis
1252 1079 1303 1152 irt-

84 1191 248 1283 tromdpta
275 1188 382 1262 dubia
400 1191 477 1262 Soc.
504 1191 771 1283 Conpreqotioui
793 1187 984 1262 decidendo
1005 1191 1182 1283 proponit.
1276 1277 1278 1284 y

140 1303 280 1375 Dubiam
307 1303 467 1375 Primam.
494 1303 550 1374 tiu
581 1303 793 1376 concessione
818 1300 965 1392 inponit
989 1301 1047 1374 IV*
1062 1303 1220 1376 lucratur
1242 1304 1300 1377 In·

84 1413 259 1506 dutqrntios
277 1419 348 1486 i00
366 1413 499 1488 dierum
517 1411 657 1506 quilibet
680 1412 793 1509 fidelis
807 1411 926 1486 denote
952 1414 1109 1486 assisiens
1128 1416 1300 1490 Matutino

84 1529 111 1598 in
136 1528 214 1620 testo
251 1529 412 1621 Corporis
439 1527 585 1616 Christi;
611 1526 753 1602 totidem
778 1526 837 1618 qni
861 1525 997 1607 Missae,
1024 1531 1057 1600 et
1080 1527 1222 1601 totidem
1242 1529 1302 1620 qui
1413 1593 1415 1598 .

82 1643 214 1732 utrisque
249 1639 397 1734 Vesperis
429 1641 650 1734 interfuerit;
684 1641 765 1714 item
796 1637 1030 1731 induiqentios
1062 1643 1134 1710 200
1167 1639 1301 1714 dierum

82 1751 220 1825 utrumn
236 1754 443 1843 quicunqne
458 1752 522 1825 iiia
539 1751 595 1825 die
612 1750 925 1832 communicaverit,
940 1754 973 1822 et
985 1749 1126 1824 totidem
1143 1752 1203 1842 qui
1219 1753 1302 1825 Pro·

80 1864 242 1938 amioum
261 1863 379 1944 devote
396 1863 502 1958 puerit
518 1866 722 1952 comitatus,·
749 1865 808 1954 qui
824 1867 940 1935 autem
956 1861 1149 1956 interficerit
1165 1865 1302 1938 cuilibet
1332 1889 1336 1898 ’
1421 1901 1427 1944 ;

82 1997 116 2048 aa
132 1978 251 2071 porois
277 1976 371 2049 ioris
395 1978 552 2050 lucratur
572 1975 808 2068 induiqentias
837 1979 906 2047 too
932 1973 1084 2048 dierum:
1111 1977 1300 2068 quaeriue.

142 2089 188 2162 i.⁰
205 2091 260 2161 Au
276 2091 362 2161 istae
383 2088 623 2180 indutqentioe
640 2089 835 2160 translatae
851 2087 919 2160 sint
936 2087 973 2158 in
989 2087 1207 2160 Dominicam
1218 2107 1302 2180 pro-
1338 2077 1342 2084 ’
1411 2131 1413 2136 -
1459 2179 1462 2186 ¹

80 2203 157 2274 cine
180 2207 384 2292 sequentem,
402 2220 461 2273 seu
479 2201 734 2273 solemnitatem
760 2201 853 2292 (pro
871 2217 941 2290 qua
957 2199 1039 2272 Pius
1062 2199 1124 2269 un
1141 2201 1300 2273 concessit

80 2315 319 2409 iudutqentian
344 2314 556 2396 Picentium,
590 2315 733 2386 sorootis
762 2309 950 2392 servandis,
972 2329 1039 2404 per
1063 2313 1172 2383 toton
1197 2307 1299 2385 Dioc-

80 2429 165 2498 resin
190 2425 463 2498 tteciciiniensem
473 2426 503 2512 ),
537 2427 588 2497 ita
617 2431 656 2497 ut
687 2425 826 2516 inipso
858 2422 942 2517 [esto
977 2422 1139 2514 Corporis
1173 2422 1300 2497 Christi

79 2537 232 2628 (quondo
267 2540 304 2610 in
332 2536 499 2630 praefata
531 2538 684 2610 Dioecesi
716 2537 852 2608 initium
885 2533 988 2608 nonu
1022 2535 1152 2608 Octauo
1173 2531 1301 2626 ¹quoad

80 2653 182 2723 onnia
209 2649 341 2743 officio,
368 2651 542 2722 translata
558 2649 634 2722 sota
654 2648 872 2722 Procnsmm
896 2649 934 2720 in
958 2647 1206 2736 dominicam)
1220 2647 1300 2742 firte-
1397 2703 1400 2708 .

80 2763 272 2836 intantum
298 2764 473 2834 lucrentur
497 2761 650 2835 mediam
670 2765 810 2854 portem
831 2759 1095 2855 praedictorum
1119 2760 1302 2854 induiqen·

79 2875 205 2960 ianm,
231 2877 318 2947 sicud
342 2873 483 2965 reliquis
509 2872 627 2946 diebus
652 2875 831 2948 Octoooet

141 2989 190 3060 2⁰
206 2992 262 3060 An
278 2989 338 3079 qni
353 2992 564 3060 nonormos
580 2984 817 3078 tndaiqentios
834 2984 966 3058 inarari
981 2985 1133 3077 cupiant,
1155 2982 1303 3060 debeant·
1433 2989 1451 3036 ὃ

79 3119 136 3174 csse
158 3121 227 3175 non
253 3104 388 3174 tantem
404 3119 483 3174 uere
498 3101 717 3194 poenitentes,
736 3103 768 3170 et
785 3098 924 3170 contriti
938 3097 999 3172 sed
1015 3098 1120 3170 etiam
1136 3098 1278 3191 conteni
1283 3103 1301 3170 t
1364 3131 1371 3138 ·

142 3214 190 3286 3.⁰
214 3217 269 3286 Aa
295 3231 411 3286 omnes
436 3217 468 3285 et
492 3212 649 3304 sinqutoo
674 3209 913 3302 indutqentioo
943 3210 987 3281 atr
1013 3210 1166 3300 unqenio
1191 3211 1244 3284 IV
1262 3215 1302 3284 ut

77 3343 172 3418 snpra
196 3343 373 3399 mcessae
389 3327 531 3398 ooteont
543 3343 608 3417 per
624 3321 766 3396 modun
781 3321 941 3414 suffraqii
964 3321 1146 3394 animabus
1162 3321 1199 3392 in
1215 3323 1301 3400 Pur·

78 3441 202 3526 potorio
227 3439 413 3532 applicari,
439 3443 478 3510 ut
502 3437 612 3532 futen
637 3433 830 3509 declarasse
849 3433 1051 3507 Benedictus
1075 3433 1128 3506 Xt
1133 3434 1161 3505 V
1178 3431 1235 3506 die
1254 3438 1299 3506 ts

79 3551 271 3642 Septembris
300 3551 425 3622 iiiut
1225 3557 1228 3563 ·

143 3664 190 3734 i.⁰
214 3665 270 3736 Aa
294 3662 536 3738 tutincnticnm
561 3663 605 3733 sit
629 3660 845 3752 Rescriptum
862 3659 930 3732 diei
950 3663 994 3731 tt
1015 3659 1102 3731 Maii
1121 3659 1215 3729 tuit
1234 3675 1301 3749 quo

77 3774 149 3847 Pius
178 3775 239 3848 tit
260 3776 458 3848 concessisse
484 3773 622 3856 dicitur,
640 3777 680 3845 ut
695 3773 813 3846 omnio
837 3771 977 3845 Altaria
993 3771 1169 3860 cujustibet
1191 3771 1303 3844 docto

77 3887 140 3959 sioe
162 3889 228 3961 sini
248 3887 477 3981 prioiieqioto
493 3891 647 3978 ternpore
664 3885 838 3958 Orationis
857 3882 1101 3975 Qnsodroqinta
1125 3884 1302 3956 Horarum

77 3999 305 4092 (quocumque
323 4001 575 4091 omnitempore
599 3999 708 4093 fiant)
734 4002 766 4070 et
791 3996 1030 4088 induiqentioe
1046 4011 1222 4068 concessae
1237 4014 1301 4089 op·
1393 4026 1395 4030 ¹

74 4112 190 4200 pticori
213 4114 358 4186 ualeant
382 4112 539 4205 fidelibus
564 4110 760 4206 defunctis?
779 4110 781 4118 ’
1059 4203 1062 4208 ,
1170 4129 1175 4136 ·

140 4225 209 4297 Sao.
238 4224 461 4316 congregatio
486 4222 660 4316 respondit
684 4222 745 4293 «ln
767 4221 852 4294 tosto
869 4209 1164 4312 eorporiscorisa
1181 4237 1303 4294 omnes

78 4333 314 4421 Chrnfifldeles,
342 4337 401 4428 qui
426 4335 572 4419 contriti,
599 4341 632 4408 et
657 4333 819 4418 contossi,
850 4333 970 4406 denoto
995 4329 1204 4406 interfuerint
1232 4332 1301 4426 pri·
