3134 4918
568 385 786 454 -387-

95 517 144 592 ulla
164 519 267 594 Breuis
292 513 518 618 expeditione.
544 519 665 597 Datum
690 519 817 598 Rornae
842 536 886 598 ex
912 523 1095 599 Sdoretaria
1119 525 1193 600 Suc.
1210 525 1295 602 Go'rl·

94 632 262 724 pardonis
287 631 417 728 induig.
444 633 499 709 die
524 633 571 707 18
596 635 767 708 Februarii
795 636 902 708 1831.

677 741 717 819 1.
742 746 846 819 dano.
874 747 1005 820 l'nosrrn
1029 747 1152 820 Pariis.

612 855 699 932 Lod.
726 851 882 952 irotiep.
910 857 1073 933 Artemo.
1101 859 1222 936 scot.

596 1059 764 1142 dbbxlll.

416 1243 550 1295 nuuurus
575 1241 738 1296 broecasrs
764 1231 940 1297 suanacas.

146 1412 380 1492 sanctissimus
412 1417 576 1492 Domitius
607 1419 726 1492 Noster
751 1419 932 1512 Gregorius
957 1419 1018 1492 PP.
1044 1419 1296 1506 1111011111-

88 1543 161 1603 num
190 1549 296 1626 prope
329 1531 508 1605 sublacum
541 1531 669 1605 Nullius
694 1531 863 1606 llloecesls
888 1534 924 1605 Β.
950 1533 1127 1607 Laurentio
1152 1533 1299 1608 dicatum

90 1657 197 1716 summa
210 1645 335 1738 pietate
355 1643 466 1718 invisit
482 1661 560 1717 cum
578 1654 709 1717 sacrum
727 1646 873 1738 Specum
890 1645 963 1718 Divi
977 1635 1183 1719 patriarchae
1196 1640 1299 1721 ilenb

89 1751 151 1826 dicti
173 1753 259 1848 apud
287 1771 406 1828 omnes
423 1770 485 1849 pro
502 1773 562 1828 sua
580 1755 769 1829 celebritate
786 1763 981 1829 veneratum
998 1755 1183 1830 devolionis
1199 1768 1300 1832 causa

88 1867 256 1958 nuperrime
271 1863 385 1950 adlrlt,
400 1865 557 1942 omnibus
569 1867 744 1958 utriusque
758 1883 862 1940 sexus
879 1867 1156 1942 christifidelibus
1172 1866 1299 1943 dictum

87 1973 222 2051 Eremum
249 1978 463 2052 visitantibus
488 1979 603 2070 ibique
628 1999 690 2072 pro
715 1978 977 2052 Christianomm
1003 1979 1193 2074 Principum
1219 1999 1298 2055 con·

86 2087 193 2175 odia,
218 2091 402 2164 haeresum
428 2091 649 2184 extirpatione
667 2099 700 2164 et
715 2092 750 2162 S.
768 2091 880 2164 llatris
897 2091 1065 2165 Ecclesiae
1080 2093 1298 2178 Exaltalioue,

86 2205 167 2293 abne
175 2203 270 2296 inab
285 2211 435 2277 mentem
447 2203 580 2277 Summi
594 2203 762 2276 Pontinus
779 2203 971 2276 Orationem
987 2202 1194 2276 bomiuicam
1207 2205 1301 2278 salu

84 2313 220 2389 lationem
245 2315 442 2408 angelicam
466 2329 545 2389 cum
573 2315 694 2390 illora'o
711 2315 811 2388 Petri
836 2318 896 2388 cto.
924 2315 1024 2388 enixe
1040 2333 1101 2407 per
1118 2321 1187 2388 tres
1207 2316 1299 2390 vices

83 2427 290 2513 recitantibus,
308 2437 439 2522 septem
456 2447 638 2512 annorum,
657 2427 864 2519 totidemque
881 2423 1169 2518 quadragenarum
1186 2415 1298 2500 lodul-

84 2539 208 2627 pentiam
226 2537 406 2614 animabus
422 2559 559 2632 quoque
576 2539 609 2612 in
626 2540 820 2632 Purgaturio
837 2535 979 2612 detentis
996 2557 1057 2631 per
1072 2537 1212 2611 modum
1231 2539 1299 2614 sui·

85 2649 160 2743 tagii
184 2651 428 2747 applicabilem,
454 2672 492 2726 ac
517 2654 623 2726 semel
647 2653 681 2724 in
708 2651 762 2725 die
779 2653 822 2726 ab
839 2668 1044 2744 unoquoque
1062 2650 1299 2743 acquirendam
1326 2744 1329 2752 y

83 2763 324 2840 misericorditer
350 2767 385 2838 in
408 2766 551 2838 Domino
576 2765 751 2838 mucessil.
776 2764 946 2838 Praesenti
973 2783 1017 2837 er
1042 2764 1145 2856 gradu
1163 2763 1299 2857 speciali

82 2877 233 2967 perpetuis
259 2877 381 2951 tuturis
407 2871 615 2970 temporibus
640 2875 780 2949 valituro
810 2877 938 2968 absque
964 2876 1030 2949 ulla
1054 2875 1168 2948 Breris
1195 2894 1298 2968 expe·

83 2983 199 3062 ditione.
224 2987 348 3062 Datum
375 2985 501 3062 Romae
526 3007 569 3061 ex
587 2987 770 3062 secretaria
787 2989 860 3060 Sao.
878 2984 1150 3080 Congregationls
1166 2986 1297 3079 lndulg.

83 3095 126 3170 dle
149 3105 169 3172 2
193 3101 284 3175 lunii
312 3103 417 3174 rear.

737 3211 776 3284 1.
804 3211 907 3283 Cano.
933 3206 1065 3282 Fausrnr
1089 3209 1211 3282 Praei.

672 3325 712 3395 1.
739 3321 896 3414 Arctiop.
923 3321 1135 3395 Albanarum
1163 3321 1284 3394 Serrei.

603 3519 771 3593 dccxlv.

468 3687 732 3746 lorbanrlelrl'rls
755 3689 899 3743 causeum

273 3823 376 3872 vucoo
393 3801 522 3870 1111111
542 3798 745 3866 annuenda
766 3798 805 3864 bl
826 3799 1006 3866 unazlonl
1028 3813 1094 3863 arc.

456 3922 581 3989 Oclooue
601 3915 747 3986 Editiuor's
766 3921 916 3985 Ronmooe

140 4109 298 4186 Caelestis
324 4108 611 4202 indulgentiarum
637 4105 784 4177 thesauri
807 4099 1011 4196 dispensatio
1029 4101 1139 4192 magni
1164 4100 1300 4192 semper

82 4217 131 4294 iuli
153 4221 185 4296 in
210 4221 359 4298 Ecclesia
377 4221 540 4295 momenti
558 4223 596 4291 ut
619 4215 894 4310 Girisllfidelr'um
911 4213 1043 4287 decolb
1061 4217 1232 4304 capacior
1247 4211 1301 4283 ill·-

83 4327 131 4406 der
159 4335 402 4432 splendesceret
433 4348 508 4428 spes
540 4333 669 4424 ciperet
694 4332 727 4402 ct
754 4327 914 4401 Glrcrllur
938 4325 1149 4401 commentor
1172 4323 1298 4397 locote-
