3182 4922
616 353 839 418 -535-

103 483 193 558 uene
217 501 280 577 per
305 501 361 558 rue
385 485 630 578 intrascriptum
647 487 850 561 Secrelarlae
875 487 1027 579 ejusdem
1052 489 1126 558 sac.
1152 488 1339 580 congega-

102 595 201 668 tionis
240 595 466 670 substitutum
504 597 538 670 in
576 599 752 672 Audieolia
779 599 845 672 diei
872 605 894 670 9
919 599 1060 690 bugudi
1101 599 1194 670 ltlbu
1232 598 1339 684 tutu,

100 706 249 800 baama
274 709 446 782 mandauit
470 716 508 783 ut
533 729 652 784 ornnes
678 711 906 803 indulgentiae
938 729 1026 803 quae
1057 711 1234 802 bucusque
1266 708 1341 802 qui·
1445 763 1449 770 .

101 819 247 894 busdam
273 821 368 894 lestis
394 839 573 894 concessae
598 822 733 896 lucrum
758 841 796 894 ac
825 824 859 894 in
892 830 1064 915 posterum
1097 821 1340 905 concedentur,

100 933 151 1006 rel
176 951 269 1024 quae
293 952 357 1026 pro
383 923 502 1006 iisdem
528 935 622 1006 lestis
648 935 814 1026 aliquibus
839 935 996 1006 Ecclesiia
1028 941 1061 1005 et
1089 933 1231 1026 publicis
1263 931 1342 1005 Ora—

99 1046 191 1118 iuriis
218 1047 346 1138 pariter
371 1065 553 1122 concessae
579 1047 716 1120 luerunt
739 1056 774 1120 ct
789 1049 823 1119 in
841 1055 1011 1140 posterum
1030 1045 1270 1130 concedentur,
1287 1045 1343 1118 uel

99 1159 199 1230 dam
225 1157 255 1230 si
281 1159 415 1232 libuerit
442 1159 485 1232 de
511 1178 679 1232 consensu
705 1159 869 1232 ordinarii
890 1160 965 1232 illae
982 1177 1162 1237 concessae
1179 1161 1212 1231 ln
1230 1160 1341 1232 Sacris

99 1269 418 1364 supplicationibus,
445 1277 502 1344 ant
527 1272 561 1342 in
586 1271 856 1354 Nouendialibus
874 1272 926 1344 uel
944 1271 1158 1364 septenariis,
1176 1271 1248 1343 sire
1268 1269 1338 1342 Tri

97 1381 221 1456 duanis
247 1383 406 1475 precibus
431 1387 508 1456 anie
534 1384 587 1456 rel
612 1389 688 1475 post
714 1383 836 1456 testum
861 1385 914 1456 rel
939 1387 1012 1476 eius
1029 1384 1203 1457 Octaaario
1219 1378 1341 1476 perdu-

97 1501 219 1582 ranle;
245 1495 422 1569 tmoslatae
448 1495 671 1586 intelligantur
697 1515 758 1587 pro
784 1513 825 1568 eo
850 1494 905 1568 die
931 1513 1000 1587 quo
1029 1497 1111 1569 iusta
1147 1493 1341 1586 hujusmodi

97 1607 150 1678 rel
176 1605 294 1698 quoad
319 1607 564 1680 solemnitatem
589 1613 719 1679 unium
736 1614 769 1680 ct
785 1614 959 1680 externam
976 1608 1233 1681 celebrationem
1251 1611 1341 1696 (non

95 1725 210 1792 lamen
237 1717 351 1808 quoad
375 1715 530 1790 Officium
556 1725 589 1791 et
614 1719 770 1806 lttssan)
795 1720 828 1790 in
855 1717 1023 1811 aliquibus
1048 1717 1139 1804 locis,
1158 1719 1211 1791 uel
1228 1716 1339 1792 Eccle·

96 1831 168 1914 siis,
194 1829 411 1922 publicisque
435 1831 604 1914 oratoriis,
630 1831 702 1903 sira
727 1832 760 1902 in
788 1839 986 1924 perpetuum
1013 1833 1085 1906 sive
1110 1832 1219 1923 aliqua
1243 1845 1339 1904 occa·

94 1941 212 2024 sione,
239 1941 312 2012 sire
336 1940 380 2012 ad
404 1947 557 2033 tempus,
584 1958 692 2032 eoque
725 1941 883 2028 durante,
910 1943 1056 2034 legitime
1080 1943 1338 2017 transieruntur.

96 2053 186 2127 duan
211 2069 295 2125 rau
320 2053 516 2128 transfertur
546 2060 678 2128 tantum
711 2053 865 2128 Officium
891 2071 968 2128 curn
1001 2057 1102 2130 llissa
1130 2073 1198 2130 nou
1225 2061 1340 2129 autem

95 2165 303 2240 solemnitas
319 2171 353 2239 at
368 2165 515 2240 exterior
531 2166 709 2240 celebratio
722 2166 808 2251 lasti,
826 2164 1109 2259 indulgentiarum
1126 2164 1253 2240 nullutn
1266 2167 1342 2240 llorl

93 2279 353 2352 ransmionem
377 2276 537 2351 deerant

172 2392 273 2464 lianc
298 2397 412 2464 auteur
442 2391 652 2482 Apostolicae
683 2387 897 2481 benignitatis
929 2391 1182 2464 concessionem
1212 2383 1343 2463 Metu

94 2505 265 2576 Saucutas
290 2503 359 2576 Sua
383 2503 657 2594 quibuscumque
682 2504 716 2574 in
742 2503 944 2576 modalium
969 2520 1039 2576 non
1064 2501 1287 2586 obstantibus,
1301 2515 1343 2574 ac

90 2613 270 2707 perpetuis
296 2612 417 2686 futuris
442 2615 663 2707 temporibus,
678 2613 1016 2706 absqueutaltreus
1032 2614 1247 2708 expeditione
1261 2615 1342 2685 rali-

92 2733 220 2808 tnrarn,
248 2739 309 2816 per
333 2725 399 2796 boc
424 2725 498 2797 Sao.
525 2726 803 2817 congregationis
827 2727 1005 2800 Decretum
1031 2727 1119 2820 typis
1136 2727 1340 2819 impressum

91 2836 265 2930 publicari
296 2837 417 2920 uoluit,
444 2837 630 2912 dnmmodo
664 2845 795 2912 ceterae
818 2853 937 2912 omnes
963 2840 1048 2912 aliae
1071 2839 1281 2912 conditiones
1305 2839 1340 2911 in

91 2949 354 3042 particularibus
372 2948 424 3022 rel
441 2950 653 3040 gerentibus
671 2951 946 3024 concessionibus
961 2947 1206 3043 praedictarum
1226 2949 1341 3024 ludul-

92 3061 288 3152 gentiarum
312 3077 375 3153 pro
399 3059 441 3132 iis
466 3061 691 3154 adipiscendis
716 3063 940 3155 praescriptae
957 3063 1099 3135 omnino·
1112 3069 1300 3136 senatur.

168 3173 294 3243 ilatum
319 3173 445 3244 Romae
470 3191 514 3244 er
540 3173 666 3246 Eadem
680 3173 876 3246 -Secretaria
902 3174 976 3246 sac.
992 3172 1267 3265 congregationis
1283 3171 1338 3244 ln·

92 3283 189 3376 dulg
216 3280 273 3356 die
299 3287 322 3354 a
347 3283 490 3376 nugmu
519 3286 625 3358 l852.

694 3399 730 3470 Β,
757 3397 860 3471 Cano.
887 3394 1060 3481 Aspacures
1085 3397 1208 3470 Pauor.

521 3567 523 3574 .
590 3505 738 3583 Albitius
763 3510 921 3605 Arcbipr.
948 3511 1151 3585 Princiooili
1176 3509 1327 3587 Substit..

616 3677 821 3778 ocxxvrrr.

581 3847 675 3904 uneffi
700 3849 742 3903 ut·
767 3847 861 3904 diluis

171 3959 260 4031 Cum
287 3958 321 4029 in
348 3955 548 4029 collectione
573 3957 714 4030 Preoum
741 3977 779 4030 ac
804 3955 939 4030 Piorum
964 3973 1105 4050 operum
1130 3955 1230 4047 vulgo
1249 3953 1338 4028 Ruc-

96 4073 192 4144 cotta
217 4068 255 4140 di
284 4067 450 4140 &azioni
478 4087 496 4140 c
521 4070 579 4160 pie
609 4087 709 4160 opere
731 4087 795 4161 per
820 4071 851 4141 lc
876 4069 973 4159 quoii
1002 4087 1085 4142 sono
1109 4071 1195 4141 stote
1224 4083 1339 4140 ccccc·

96 4183 179 4256 uate
197 4181 261 4254 dui
288 4179 419 4253 domati
445 4179 605 4274 Porticfici
639 4182 669 4253 ic
697 4183 799 4253 Sunio
832 4179 1037 4272 leucippus
1057 4179 1242 4252 'duodecies
1269 4179 1338 4270 jarn

94 4297 225 4368 Romae
251 4295 341 4388 typis
370 4293 533 4385 evulgato,
567 4311 628 4386 pro
662 4293 787 4384 quibus
813 4313 832 4365 a
857 4293 1006 4366 Suntrnis
1038 4291 1254 4366 Pontificibus
1278 4305 1340 4383 per
