<?xml version="1.0" encoding="UTF-8"?>
<!DOCTYPE html PUBLIC "-//W3C//DTD XHTML 1.0 Transitional//EN"
    "http://www.w3.org/TR/xhtml1/DTD/xhtml1-transitional.dtd">
<html xmlns="http://www.w3.org/1999/xhtml" xml:lang="en" lang="en">
 <head>
  <title>
</title>
<meta http-equiv="Content-Type" content="text/html;charset=utf-8" />
  <meta name='ocr-system' content='tesseract 3.04.00' />
  <meta name='ocr-capabilities' content='ocr_page ocr_carea ocr_par ocr_line ocrx_word'/>
</head>
<body>
  <div class='ocr_page' id='page_1' title='image "./resolutionesseu00pringoog_0613.png"; bbox 0 0 3346 4924; ppageno 0'>
   <div class='ocr_carea' id='block_1_1' title="bbox 794 336 1012 404">
    <p class='ocr_par' dir='ltr' id='par_1_1' title="bbox 794 336 1012 404">
     <span class='ocr_line' id='line_1_1' title="bbox 794 336 1012 404; baseline -0.014 1"><span class='ocrx_word' id='word_1_1' title='bbox 794 336 1012 404; x_wconf 64' lang='lat'><strong>*608-</strong></span> 
     </span>
    </p>
   </div>
   <div class='ocr_carea' id='block_1_2' title="bbox 276 469 1529 3605">
    <p class='ocr_par' dir='ltr' id='par_1_2' title="bbox 276 469 1529 3605">
     <span class='ocr_line' id='line_1_2' title="bbox 277 469 1512 564; baseline -0.002 -17"><span class='ocrx_word' id='word_1_2' title='bbox 277 469 343 547; x_wconf 84' lang='lat' dir='ltr'>dlol</span> <span class='ocrx_word' id='word_1_3' title='bbox 368 475 413 544; x_wconf 79' lang='lat'>23</span> <span class='ocrx_word' id='word_1_4' title='bbox 440 469 582 563; x_wconf 91' lang='lat' dir='ltr'>Augusti</span> <span class='ocrx_word' id='word_1_5' title='bbox 609 475 698 544; x_wconf 84' lang='grc'><strong>1861</strong></span> <span class='ocrx_word' id='word_1_6' title='bbox 728 471 891 546; x_wconf 84' lang='lat' dir='ltr'>Sanctitas</span> <span class='ocrx_word' id='word_1_7' title='bbox 908 474 976 545; x_wconf 89' lang='lat' dir='ltr'>Sua</span> <span class='ocrx_word' id='word_1_8' title='bbox 1001 471 1182 544; x_wconf 90' lang='lat' dir='ltr'>clementer</span> <span class='ocrx_word' id='word_1_9' title='bbox 1206 469 1354 556; x_wconf 80' lang='lat' dir='ltr'>indulsit,</span> <span class='ocrx_word' id='word_1_10' title='bbox 1381 476 1418 545; x_wconf 91' lang='lat' dir='ltr'>ul</span> <span class='ocrx_word' id='word_1_11' title='bbox 1443 472 1512 564; x_wconf 90' lang='lat' dir='ltr'>tpsi</span> 
     </span>
     <span class='ocr_line' id='line_1_3' title="bbox 276 581 1513 678; baseline -0.002 -18"><span class='ocrx_word' id='word_1_12' title='bbox 276 583 422 678; x_wconf 88' lang='lat' dir='ltr'>generali</span> <span class='ocrx_word' id='word_1_13' title='bbox 446 581 645 660; x_wconf 82' lang='lat' dir='ltr'>Moderatori</span> <span class='ocrx_word' id='word_1_14' title='bbox 668 591 953 678; x_wconf 71' lang='lat' dir='ltr'>praememoratae</span> <span class='ocrx_word' id='word_1_15' title='bbox 977 583 1052 677; x_wconf 91' lang='lat' dir='ltr'>piae</span> <span class='ocrx_word' id='word_1_16' title='bbox 1077 582 1199 658; x_wconf 87' lang='lat' dir='ltr'>Unicni</span> <span class='ocrx_word' id='word_1_17' title='bbox 1223 582 1266 656; x_wconf 91' lang='lat' dir='ltr'>de</span> <span class='ocrx_word' id='word_1_18' title='bbox 1290 582 1381 658; x_wconf 81' lang='lat' dir='ltr'>llrlre</span> <span class='ocrx_word' id='word_1_19' title='bbox 1397 602 1513 675; x_wconf 83' lang='lat' dir='ltr'>aggre</span> 
     </span>
     <span class='ocr_line' id='line_1_4' title="bbox 276 695 1514 790; baseline 0 -21"><span class='ocrx_word' id='word_1_20' title='bbox 276 715 355 789; x_wconf 90' lang='lat' dir='ltr'>gare</span> <span class='ocrx_word' id='word_1_21' title='bbox 367 697 464 771; x_wconf 89' lang='lat' dir='ltr'>liceat</span> <span class='ocrx_word' id='word_1_22' title='bbox 478 713 556 770; x_wconf 91' lang='lat' dir='ltr'>cnm</span> <span class='ocrx_word' id='word_1_23' title='bbox 573 695 856 788; x_wconf 89' lang='lat' dir='ltr'>indulgentiarum</span> <span class='ocrx_word' id='word_1_24' title='bbox 874 696 1191 790; x_wconf 77' lang='lat' dir='ltr'>privilegiet-umque</span> <span class='ocrx_word' id='word_1_25' title='bbox 1211 695 1514 769; x_wconf 74' lang='lat' dir='ltr'>communicatione</span> 
     </span>
     <span class='ocr_line' id='line_1_5' title="bbox 276 807 1513 902; baseline -0.006 -13"><span class='ocrx_word' id='word_1_26' title='bbox 276 809 358 889; x_wconf 75' lang='lat' dir='ltr'>aias</span> <span class='ocrx_word' id='word_1_27' title='bbox 383 807 535 902; x_wconf 77' lang='lat' dir='ltr'>cirrsdem</span> <span class='ocrx_word' id='word_1_28' title='bbox 559 809 643 884; x_wconf 92' lang='lat' dir='ltr'>tituli</span> <span class='ocrx_word' id='word_1_29' title='bbox 669 809 817 887; x_wconf 88' lang='lat' dir='ltr'>Unicnes</span> <span class='ocrx_word' id='word_1_30' title='bbox 841 811 1007 884; x_wconf 89' lang='lat' dir='ltr'>Locorum</span> <span class='ocrx_word' id='word_1_31' title='bbox 1033 810 1132 886; x_wconf 80' lang='lat' dir='ltr'>odam</span> <span class='ocrx_word' id='word_1_32' title='bbox 1158 809 1193 882; x_wconf 92' lang='lat' dir='ltr'>in</span> <span class='ocrx_word' id='word_1_33' title='bbox 1217 809 1341 900; x_wconf 75' lang='lat' dir='ltr'>mribus</span> <span class='ocrx_word' id='word_1_34' title='bbox 1366 808 1429 882; x_wconf 89' lang='lat' dir='ltr'>alia</span> <span class='ocrx_word' id='word_1_35' title='bbox 1443 809 1513 899; x_wconf 82' lang='lat' dir='ltr'>jann</span> 
     </span>
     <span class='ocr_line' id='line_1_6' title="bbox 277 919 1514 1016; baseline 0 -20"><span class='ocrx_word' id='word_1_36' title='bbox 277 921 390 1003; x_wconf 67' lang='lat' dir='ltr'>existe</span> <span class='ocrx_word' id='word_1_37' title='bbox 413 921 520 1016; x_wconf 89' lang='lat' dir='ltr'>ipsius</span> <span class='ocrx_word' id='word_1_38' title='bbox 545 921 628 996; x_wconf 89' lang='lat' dir='ltr'>tituli</span> <span class='ocrx_word' id='word_1_39' title='bbox 653 922 756 1008; x_wconf 89' lang='lat' dir='ltr'>Unio,</span> <span class='ocrx_word' id='word_1_40' title='bbox 783 929 948 1014; x_wconf 78' lang='lat' dir='ltr'>quamuus</span> <span class='ocrx_word' id='word_1_41' title='bbox 974 941 1032 996; x_wconf 88' lang='lat' dir='ltr'>eas</span> <span class='ocrx_word' id='word_1_42' title='bbox 1057 922 1186 1014; x_wconf 87' lang='lat' dir='ltr'>erigere</span> <span class='ocrx_word' id='word_1_43' title='bbox 1211 921 1291 996; x_wconf 86' lang='lat' dir='ltr'>toci</span> <span class='ocrx_word' id='word_1_44' title='bbox 1317 919 1514 996; x_wconf 80' lang='lat' dir='ltr'>ordinarius</span> 
     </span>
     <span class='ocr_line' id='line_1_7' title="bbox 277 1032 1515 1130; baseline -0.002 -20"><span class='ocrx_word' id='word_1_45' title='bbox 277 1041 505 1130; x_wconf 88' lang='lat' dir='ltr'>opportunum</span> <span class='ocrx_word' id='word_1_46' title='bbox 525 1034 732 1128; x_wconf 78' lang='lat' dir='ltr'>judcarcrit,</span> <span class='ocrx_word' id='word_1_47' title='bbox 750 1054 819 1109; x_wconf 88' lang='lat' dir='ltr'>non</span> <span class='ocrx_word' id='word_1_48' title='bbox 835 1035 990 1112; x_wconf 79' lang='lat' dir='ltr'>uastante</span> <span class='ocrx_word' id='word_1_49' title='bbox 1014 1034 1191 1110; x_wconf 70' lang='lat' dir='ltr'>distantiae</span> <span class='ocrx_word' id='word_1_50' title='bbox 1206 1032 1349 1118; x_wconf 79' lang='lat' dir='ltr'>doleno,</span> <span class='ocrx_word' id='word_1_51' title='bbox 1366 1033 1429 1108; x_wconf 90' lang='lat' dir='ltr'>sed</span> <span class='ocrx_word' id='word_1_52' title='bbox 1444 1052 1515 1108; x_wconf 88' lang='lat' dir='ltr'>scr·</span> 
     </span>
     <span class='ocr_line' id='line_1_8' title="bbox 277 1147 1514 1241; baseline -0.002 -19"><span class='ocrx_word' id='word_1_53' title='bbox 277 1149 411 1231; x_wconf 77' lang='lat' dir='ltr'>notaio</span> <span class='ocrx_word' id='word_1_54' title='bbox 436 1149 584 1241; x_wconf 83' lang='lat' dir='ltr'>reliquiis</span> <span class='ocrx_word' id='word_1_55' title='bbox 609 1149 852 1228; x_wconf 82' lang='lat' dir='ltr'>Constitutione</span> <span class='ocrx_word' id='word_1_56' title='bbox 875 1167 924 1224; x_wconf 91' lang='lat' dir='ltr'>sa.</span> <span class='ocrx_word' id='word_1_57' title='bbox 947 1165 1018 1224; x_wconf 89' lang='lat' dir='ltr'>me.</span> <span class='ocrx_word' id='word_1_58' title='bbox 1044 1148 1229 1224; x_wconf 80' lang='lat' dir='ltr'>Clementis</span> <span class='ocrx_word' id='word_1_59' title='bbox 1250 1147 1333 1222; x_wconf 85' lang='lat' dir='ltr'>vltt·</span> <span class='ocrx_word' id='word_1_60' title='bbox 1350 1165 1436 1240; x_wconf 76' lang='lat' dir='ltr'>ortae</span> <span class='ocrx_word' id='word_1_61' title='bbox 1461 1147 1514 1219; x_wconf 90' lang='lat' dir='ltr'>in·</span> 
     </span>
     <span class='ocr_line' id='line_1_9' title="bbox 277 1257 1515 1354; baseline -0.004 -17"><span class='ocrx_word' id='word_1_62' title='bbox 277 1260 357 1354; x_wconf 86' lang='lat' dir='ltr'>cipit</span> <span class='ocrx_word' id='word_1_63' title='bbox 376 1289 401 1342; x_wconf 80' lang='grc' dir='ltr'>,ι</span> <span class='ocrx_word' id='word_1_64' title='bbox 417 1263 654 1354; x_wconf 75' lang='lat' dir='ltr'>Quocmmgoe</span> <span class='ocrx_word' id='word_1_65' title='bbox 675 1265 703 1336; x_wconf 89' lang='lat' dir='ltr'>&#39;o</span> <span class='ocrx_word' id='word_1_66' title='bbox 729 1260 814 1336; x_wconf 82' lang='lat' dir='ltr'>Sede</span> <span class='ocrx_word' id='word_1_67' title='bbox 839 1261 1037 1354; x_wconf 88' lang='lat' dir='ltr'>Apostolicu</span> <span class='ocrx_word' id='word_1_68' title='bbox 1057 1289 1092 1334; x_wconf 75' lang='grc' dir='ltr'>ι.</span> <span class='ocrx_word' id='word_1_69' title='bbox 1117 1261 1202 1336; x_wconf 87' lang='lat' dir='ltr'>Item</span> <span class='ocrx_word' id='word_1_70' title='bbox 1227 1260 1374 1352; x_wconf 86' lang='lat' dir='ltr'>generali</span> <span class='ocrx_word' id='word_1_71' title='bbox 1399 1257 1515 1332; x_wconf 79' lang='lat' dir='ltr'>Mode-</span> 
     </span>
     <span class='ocr_line' id='line_1_10' title="bbox 278 1371 1517 1466; baseline -0.002 -17"><span class='ocrx_word' id='word_1_72' title='bbox 278 1373 379 1449; x_wconf 86' lang='lat' dir='ltr'>ratori</span> <span class='ocrx_word' id='word_1_73' title='bbox 402 1373 590 1450; x_wconf 85' lang='lat' dir='ltr'>iacuttatem</span> <span class='ocrx_word' id='word_1_74' title='bbox 617 1373 774 1466; x_wconf 87' lang='lat' dir='ltr'>elargitus</span> <span class='ocrx_word' id='word_1_75' title='bbox 799 1380 851 1448; x_wconf 89' lang='lat' dir='ltr'>est</span> <span class='ocrx_word' id='word_1_76' title='bbox 875 1372 1073 1448; x_wconf 84' lang='lat' dir='ltr'>Sacerdotes</span> <span class='ocrx_word' id='word_1_77' title='bbox 1089 1371 1341 1464; x_wconf 77' lang='lat' dir='ltr'>‚subdelegandt</span> <span class='ocrx_word' id='word_1_78' title='bbox 1356 1371 1401 1444; x_wconf 91' lang='lat' dir='ltr'>ad</span> <span class='ocrx_word' id='word_1_79' title='bbox 1416 1371 1517 1446; x_wconf 86' lang='lat' dir='ltr'>ellec-</span> 
     </span>
     <span class='ocr_line' id='line_1_11' title="bbox 278 1485 1516 1581; baseline -0.004 -19"><span class='ocrx_word' id='word_1_80' title='bbox 278 1492 352 1566; x_wconf 85' lang='lat' dir='ltr'>tum</span> <span class='ocrx_word' id='word_1_81' title='bbox 376 1485 587 1564; x_wconf 78' lang='lat' dir='ltr'>adscriloondi</span> <span class='ocrx_word' id='word_1_82' title='bbox 603 1487 720 1562; x_wconf 89' lang='lat' dir='ltr'>tidelcs</span> <span class='ocrx_word' id='word_1_83' title='bbox 745 1487 1047 1581; x_wconf 87' lang='lat' dir='ltr'>supraenunciatae</span> <span class='ocrx_word' id='word_1_84' title='bbox 1071 1486 1127 1579; x_wconf 93' lang='lat' dir='ltr'>pie</span> <span class='ocrx_word' id='word_1_85' title='bbox 1152 1486 1272 1562; x_wconf 90' lang='lat' dir='ltr'>tlnioni</span> <span class='ocrx_word' id='word_1_86' title='bbox 1298 1486 1339 1560; x_wconf 87' lang='lat' dir='ltr'>iis</span> <span class='ocrx_word' id='word_1_87' title='bbox 1355 1485 1390 1558; x_wconf 94' lang='lat' dir='ltr'>in</span> <span class='ocrx_word' id='word_1_88' title='bbox 1406 1486 1516 1570; x_wconf 77' lang='lat' dir='ltr'>locis.</span> 
     </span>
     <span class='ocr_line' id='line_1_12' title="bbox 278 1597 1517 1694; baseline -0.003 -20"><span class='ocrx_word' id='word_1_89' title='bbox 278 1599 315 1674; x_wconf 87' lang='lat' dir='ltr'>in</span> <span class='ocrx_word' id='word_1_90' title='bbox 340 1599 462 1694; x_wconf 76' lang='lat' dir='ltr'>numus</span> <span class='ocrx_word' id='word_1_91' title='bbox 488 1600 607 1676; x_wconf 73' lang='lat' dir='ltr'>eaden</span> <span class='ocrx_word' id='word_1_92' title='bbox 628 1601 713 1676; x_wconf 88' lang='lat' dir='ltr'>Unio</span> <span class='ocrx_word' id='word_1_93' title='bbox 738 1600 830 1676; x_wconf 86' lang='lat' dir='ltr'>haud</span> <span class='ocrx_word' id='word_1_94' title='bbox 854 1600 977 1684; x_wconf 79' lang='lat' dir='ltr'>existit,</span> <span class='ocrx_word' id='word_1_95' title='bbox 995 1619 1035 1674; x_wconf 91' lang='lat' dir='ltr'>ea</span> <span class='ocrx_word' id='word_1_96' title='bbox 1059 1607 1173 1674; x_wconf 88' lang='lat' dir='ltr'>tamen</span> <span class='ocrx_word' id='word_1_97' title='bbox 1198 1599 1283 1691; x_wconf 88' lang='lat' dir='ltr'>lege,</span> <span class='ocrx_word' id='word_1_98' title='bbox 1309 1604 1347 1672; x_wconf 89' lang='lat' dir='ltr'>ut</span> <span class='ocrx_word' id='word_1_99' title='bbox 1367 1597 1517 1690; x_wconf 85' lang='lat' dir='ltr'>adscrip·</span> 
     </span>
     <span class='ocr_line' id='line_1_13' title="bbox 279 1709 1520 1803; baseline -0.002 -17"><span class='ocrx_word' id='word_1_100' title='bbox 279 1720 391 1786; x_wconf 89' lang='lat' dir='ltr'>torum</span> <span class='ocrx_word' id='word_1_101' title='bbox 416 1713 550 1788; x_wconf 89' lang='lat' dir='ltr'>nomina</span> <span class='ocrx_word' id='word_1_102' title='bbox 566 1713 601 1786; x_wconf 94' lang='lat' dir='ltr'>iu</span> <span class='ocrx_word' id='word_1_103' title='bbox 617 1713 740 1787; x_wconf 85' lang='lat' dir='ltr'>Album</span> <span class='ocrx_word' id='word_1_104' title='bbox 758 1713 943 1802; x_wconf 91' lang='lat' dir='ltr'>primariae,</span> <span class='ocrx_word' id='word_1_105' title='bbox 970 1729 1033 1786; x_wconf 90' lang='lat' dir='ltr'>seu</span> <span class='ocrx_word' id='word_1_106' title='bbox 1060 1712 1229 1786; x_wconf 81' lang='lat' dir='ltr'>vicinioris</span> <span class='ocrx_word' id='word_1_107' title='bbox 1254 1710 1408 1803; x_wconf 81' lang='lat' dir='ltr'>ejrrsdcm</span> <span class='ocrx_word' id='word_1_108' title='bbox 1432 1709 1520 1784; x_wconf 92' lang='lat' dir='ltr'>tituli</span> 
     </span>
     <span class='ocr_line' id='line_1_14' title="bbox 282 1821 1520 1918; baseline -0.002 -22"><span class='ocrx_word' id='word_1_109' title='bbox 282 1824 419 1898; x_wconf 85' lang='lat' dir='ltr'>Unionis</span> <span class='ocrx_word' id='word_1_110' title='bbox 443 1824 642 1900; x_wconf 88' lang='lat' dir='ltr'>inserantur.</span> <span class='ocrx_word' id='word_1_111' title='bbox 667 1825 717 1900; x_wconf 79' lang='lat' dir='ltr'>,tc</span> <span class='ocrx_word' id='word_1_112' title='bbox 741 1825 880 1918; x_wconf 91' lang='lat' dir='ltr'>iusuper</span> <span class='ocrx_word' id='word_1_113' title='bbox 896 1829 1185 1918; x_wconf 90' lang='lat' dir='ltr'>supramemorato</span> <span class='ocrx_word' id='word_1_114' title='bbox 1202 1823 1349 1915; x_wconf 84' lang='lat' dir='ltr'>generati</span> <span class='ocrx_word' id='word_1_115' title='bbox 1370 1821 1520 1896; x_wconf 79' lang='lat' dir='ltr'>Modera</span> 
     </span>
     <span class='ocr_line' id='line_1_15' title="bbox 280 1933 1520 2032; baseline -0.003 -22"><span class='ocrx_word' id='word_1_116' title='bbox 280 1935 344 2010; x_wconf 85' lang='lat' dir='ltr'>tori</span> <span class='ocrx_word' id='word_1_117' title='bbox 369 1937 534 2010; x_wconf 90' lang='lat' dir='ltr'>concessit</span> <span class='ocrx_word' id='word_1_118' title='bbox 559 1936 746 2012; x_wconf 79' lang='lat' dir='ltr'>tamitamm</span> <span class='ocrx_word' id='word_1_119' title='bbox 770 1937 849 2012; x_wconf 87' lang='lat' dir='ltr'>huic</span> <span class='ocrx_word' id='word_1_120' title='bbox 865 1937 1042 2032; x_wconf 85' lang='lat' dir='ltr'>primariae</span> <span class='ocrx_word' id='word_1_121' title='bbox 1068 1937 1189 2010; x_wconf 89' lang='lat' dir='ltr'>Unioni</span> <span class='ocrx_word' id='word_1_122' title='bbox 1215 1933 1417 2029; x_wconf 76' lang='lat' dir='ltr'>aggregandi</span> <span class='ocrx_word' id='word_1_123' title='bbox 1436 1951 1520 2026; x_wconf 82' lang='lat' dir='ltr'>quo</span> 
     </span>
     <span class='ocr_line' id='line_1_16' title="bbox 281 2045 1520 2140; baseline -0.002 -18"><span class='ocrx_word' id='word_1_124' title='bbox 281 2066 349 2140; x_wconf 89' lang='lat' dir='ltr'>que</span> <span class='ocrx_word' id='word_1_125' title='bbox 373 2047 570 2122; x_wconf 77' lang='lat' dir='ltr'>sodalitates</span> <span class='ocrx_word' id='word_1_126' title='bbox 594 2068 657 2125; x_wconf 87' lang='lat' dir='ltr'>seu</span> <span class='ocrx_word' id='word_1_127' title='bbox 682 2049 974 2124; x_wconf 82' lang='lat' dir='ltr'>Contratemitatcs</span> <span class='ocrx_word' id='word_1_128' title='bbox 1000 2050 1161 2122; x_wconf 90' lang='lat' dir='ltr'>canonice</span> <span class='ocrx_word' id='word_1_129' title='bbox 1184 2055 1298 2122; x_wconf 70' lang='lat' dir='ltr'>umen</span> <span class='ocrx_word' id='word_1_130' title='bbox 1323 2054 1463 2130; x_wconf 86' lang='lat' dir='ltr'>erectas,</span> <span class='ocrx_word' id='word_1_131' title='bbox 1480 2045 1520 2119; x_wconf 92' lang='lat' dir='ltr'>ll·</span> 
     </span>
     <span class='ocr_line' id='line_1_17' title="bbox 282 2159 1524 2254; baseline -0.002 -22"><span class='ocrx_word' id='word_1_132' title='bbox 282 2166 336 2235; x_wconf 89' lang='lat' dir='ltr'>cet</span> <span class='ocrx_word' id='word_1_133' title='bbox 360 2161 423 2234; x_wconf 93' lang='lat' dir='ltr'>alio</span> <span class='ocrx_word' id='word_1_134' title='bbox 450 2161 553 2246; x_wconf 92' lang='lat' dir='ltr'>titulo,</span> <span class='ocrx_word' id='word_1_135' title='bbox 572 2161 677 2234; x_wconf 91' lang='lat' dir='ltr'>aliove</span> <span class='ocrx_word' id='word_1_136' title='bbox 693 2161 843 2236; x_wconf 84' lang='lat' dir='ltr'>instituto</span> <span class='ocrx_word' id='word_1_137' title='bbox 860 2160 1115 2254; x_wconf 88' lang='lat' dir='ltr'>distinguantur,</span> <span class='ocrx_word' id='word_1_138' title='bbox 1142 2159 1253 2236; x_wconf 89' lang='lat' dir='ltr'>addita</span> <span class='ocrx_word' id='word_1_139' title='bbox 1269 2165 1398 2234; x_wconf 88' lang='lat' dir='ltr'>tantum</span> <span class='ocrx_word' id='word_1_140' title='bbox 1417 2159 1524 2251; x_wconf 86' lang='lat' dir='ltr'>priori</span> 
     </span>
     <span class='ocr_line' id='line_1_18' title="bbox 283 2273 1524 2367; baseline -0.001 -23"><span class='ocrx_word' id='word_1_141' title='bbox 283 2273 501 2365; x_wconf 83' lang='lat' dir='ltr'>appellatione</span> <span class='ocrx_word' id='word_1_142' title='bbox 520 2273 601 2346; x_wconf 78' lang='lat' dir='ltr'>«Ad</span> <span class='ocrx_word' id='word_1_143' title='bbox 617 2275 772 2348; x_wconf 84' lang='lat' dir='ltr'>leoomco</span> <span class='ocrx_word' id='word_1_144' title='bbox 788 2276 988 2348; x_wconf 82' lang='lat' dir='ltr'>animorum</span> <span class='ocrx_word' id='word_1_145' title='bbox 1003 2275 1042 2346; x_wconf 84' lang='lat' dir='ltr'>io</span> <span class='ocrx_word' id='word_1_146' title='bbox 1058 2275 1268 2367; x_wconf 80' lang='lat' dir='ltr'>Porpototio</span> <span class='ocrx_word' id='word_1_147' title='bbox 1285 2273 1524 2348; x_wconf 76' lang='lat' dir='ltr'>existentiam»</span> 
     </span>
     <span class='ocr_line' id='line_1_19' title="bbox 282 2383 1525 2480; baseline -0.002 -22"><span class='ocrx_word' id='word_1_148' title='bbox 282 2390 413 2458; x_wconf 79' lang='lat' dir='ltr'>serram</span> <span class='ocrx_word' id='word_1_149' title='bbox 438 2385 561 2480; x_wconf 90' lang='lat' dir='ltr'>pariter</span> <span class='ocrx_word' id='word_1_150' title='bbox 586 2386 620 2460; x_wconf 94' lang='lat' dir='ltr'>in</span> <span class='ocrx_word' id='word_1_151' title='bbox 645 2386 783 2480; x_wconf 81' lang='lat' dir='ltr'>reliquis</span> <span class='ocrx_word' id='word_1_152' title='bbox 807 2403 1072 2480; x_wconf 83' lang='lat' dir='ltr'>supraexprcssa</span> <span class='ocrx_word' id='word_1_153' title='bbox 1097 2385 1349 2460; x_wconf 87' lang='lat' dir='ltr'>Constitutione.</span> <span class='ocrx_word' id='word_1_154' title='bbox 1375 2383 1525 2458; x_wconf 85' lang='lat' dir='ltr'>ilectori·</span> 
     </span>
     <span class='ocr_line' id='line_1_20' title="bbox 283 2494 1527 2592; baseline 0 -22"><span class='ocrx_word' id='word_1_155' title='bbox 283 2495 349 2572; x_wconf 87' lang='lat' dir='ltr'>bus</span> <span class='ocrx_word' id='word_1_156' title='bbox 374 2514 454 2573; x_wconf 90' lang='lat' dir='ltr'>vero</span> <span class='ocrx_word' id='word_1_157' title='bbox 479 2498 747 2592; x_wconf 81' lang='lat' dir='ltr'>uniuscnjusque</span> <span class='ocrx_word' id='word_1_158' title='bbox 769 2499 845 2592; x_wconf 88' lang='lat' dir='ltr'>piae</span> <span class='ocrx_word' id='word_1_159' title='bbox 870 2499 1019 2584; x_wconf 77' lang='lat' dir='ltr'>Unicnis</span> <span class='ocrx_word' id='word_1_160' title='bbox 1045 2515 1202 2574; x_wconf 92' lang='lat' dir='ltr'>necnon</span> <span class='ocrx_word' id='word_1_161' title='bbox 1227 2494 1466 2571; x_wconf 81' lang='lat' dir='ltr'>Sacerdotibus</span> <span class='ocrx_word' id='word_1_162' title='bbox 1485 2503 1527 2570; x_wconf 88' lang='lat' dir='ltr'>ut</span> 
     </span>
     <span class='ocr_line' id='line_1_21' title="bbox 284 2607 1525 2704; baseline 0 -22"><span class='ocrx_word' id='word_1_163' title='bbox 284 2627 387 2704; x_wconf 88' lang='lat' dir='ltr'>supra</span> <span class='ocrx_word' id='word_1_164' title='bbox 411 2609 647 2702; x_wconf 68' lang='lat' dir='ltr'>subdelegato,</span> <span class='ocrx_word' id='word_1_165' title='bbox 675 2629 713 2684; x_wconf 89' lang='lat' dir='ltr'>ac</span> <span class='ocrx_word' id='word_1_166' title='bbox 738 2611 773 2684; x_wconf 94' lang='lat' dir='ltr'>in</span> <span class='ocrx_word' id='word_1_167' title='bbox 798 2618 970 2704; x_wconf 87' lang='lat' dir='ltr'>postennn</span> <span class='ocrx_word' id='word_1_168' title='bbox 1000 2610 1259 2704; x_wconf 84' lang='lat' dir='ltr'>subdelegandis</span> <span class='ocrx_word' id='word_1_169' title='bbox 1283 2627 1347 2703; x_wconf 93' lang='lat' dir='ltr'>pro</span> <span class='ocrx_word' id='word_1_170' title='bbox 1370 2607 1525 2682; x_wconf 83' lang='lat' dir='ltr'>fidelium</span> 
     </span>
     <span class='ocr_line' id='line_1_22' title="bbox 285 2718 1526 2818; baseline 0 -24"><span class='ocrx_word' id='word_1_171' title='bbox 285 2719 509 2813; x_wconf 84' lang='lat' dir='ltr'>adscriptione</span> <span class='ocrx_word' id='word_1_172' title='bbox 533 2729 731 2814; x_wconf 89' lang='lat' dir='ltr'>potestatem</span> <span class='ocrx_word' id='word_1_173' title='bbox 757 2723 944 2818; x_wconf 89' lang='lat' dir='ltr'>impertitus</span> <span class='ocrx_word' id='word_1_174' title='bbox 970 2730 1022 2798; x_wconf 89' lang='lat' dir='ltr'>est</span> <span class='ocrx_word' id='word_1_175' title='bbox 1045 2721 1268 2800; x_wconf 85' lang='lat' dir='ltr'>benedicendi</span> <span class='ocrx_word' id='word_1_176' title='bbox 1283 2739 1346 2814; x_wconf 92' lang='lat' dir='ltr'>pro</span> <span class='ocrx_word' id='word_1_177' title='bbox 1364 2718 1526 2796; x_wconf 83' lang='lat' dir='ltr'>fidelibus</span> 
     </span>
     <span class='ocr_line' id='line_1_23' title="bbox 285 2831 1525 2928; baseline -0.002 -20"><span class='ocrx_word' id='word_1_178' title='bbox 285 2831 461 2924; x_wconf 86' lang='lat' dir='ltr'>adscriptis</span> <span class='ocrx_word' id='word_1_179' title='bbox 494 2833 642 2908; x_wconf 83' lang='lat' dir='ltr'>Coronas</span> <span class='ocrx_word' id='word_1_180' title='bbox 674 2834 785 2908; x_wconf 89' lang='lat' dir='ltr'>Sancti</span> <span class='ocrx_word' id='word_1_181' title='bbox 817 2833 985 2910; x_wconf 83' lang='lat' dir='ltr'>Michaelis</span> <span class='ocrx_word' id='word_1_182' title='bbox 1010 2835 1209 2928; x_wconf 80' lang='lat' dir='ltr'>Archangeli</span> <span class='ocrx_word' id='word_1_183' title='bbox 1233 2834 1334 2927; x_wconf 91' lang='lat' dir='ltr'>rulgo</span> <span class='ocrx_word' id='word_1_184' title='bbox 1370 2833 1525 2908; x_wconf 79' lang='lat' dir='ltr'>Coronos</span> 
     </span>
     <span class='ocr_line' id='line_1_24' title="bbox 285 2943 1526 3042; baseline -0.003 -20"><span class='ocrx_word' id='word_1_185' title='bbox 285 2947 465 3040; x_wconf 74' lang='lat' dir='ltr'>Aspelioos</span> <span class='ocrx_word' id='word_1_186' title='bbox 490 2965 568 3023; x_wconf 92' lang='lat' dir='ltr'>curn</span> <span class='ocrx_word' id='word_1_187' title='bbox 593 2947 734 3024; x_wconf 80' lang='lat' dir='ltr'>adnexis</span> <span class='ocrx_word' id='word_1_188' title='bbox 759 2947 976 3042; x_wconf 91' lang='lat' dir='ltr'>indulgentiis</span> <span class='ocrx_word' id='word_1_189' title='bbox 997 2949 1094 3041; x_wconf 80' lang='lat' dir='ltr'>juxta</span> <span class='ocrx_word' id='word_1_190' title='bbox 1117 2949 1297 3022; x_wconf 78' lang='lat' dir='ltr'>nemetum</span> <span class='ocrx_word' id='word_1_191' title='bbox 1322 2947 1442 3020; x_wconf 85' lang='lat' dir='ltr'>Sacrae</span> <span class='ocrx_word' id='word_1_192' title='bbox 1466 2943 1526 3018; x_wconf 83' lang='lat' dir='ltr'>lti-</span> 
     </span>
     <span class='ocr_line' id='line_1_25' title="bbox 286 3057 1528 3154; baseline -0.002 -20"><span class='ocrx_word' id='word_1_193' title='bbox 286 3065 360 3136; x_wconf 90' lang='lat' dir='ltr'>tum</span> <span class='ocrx_word' id='word_1_194' title='bbox 385 3059 658 3154; x_wconf 83' lang='lat' dir='ltr'>congregationis</span> <span class='ocrx_word' id='word_1_195' title='bbox 684 3061 750 3136; x_wconf 89' lang='lat' dir='ltr'>diei</span> <span class='ocrx_word' id='word_1_196' title='bbox 776 3066 798 3134; x_wconf 94' lang='grc'><strong>8</strong></span> <span class='ocrx_word' id='word_1_197' title='bbox 823 3061 966 3154; x_wconf 80' lang='lat' dir='ltr'>Augusti</span> <span class='ocrx_word' id='word_1_198' title='bbox 994 3065 1099 3134; x_wconf 81' lang='lat' dir='ltr'>lttdt.</span> <span class='ocrx_word' id='word_1_199' title='bbox 1116 3062 1158 3136; x_wconf 83' lang='lat' dir='ltr'>Et</span> <span class='ocrx_word' id='word_1_200' title='bbox 1173 3059 1309 3134; x_wconf 74' lang='lat' dir='ltr'>mndern</span> <span class='ocrx_word' id='word_1_201' title='bbox 1335 3057 1426 3134; x_wconf 88' lang='lat' dir='ltr'>idem</span> <span class='ocrx_word' id='word_1_202' title='bbox 1442 3059 1528 3132; x_wconf 91' lang='lat' dir='ltr'>San-</span> 
     </span>
     <span class='ocr_line' id='line_1_26' title="bbox 286 3170 1529 3268; baseline 0 -24"><span class='ocrx_word' id='word_1_203' title='bbox 286 3171 454 3246; x_wconf 84' lang='lat' dir='ltr'>ctisstmus</span> <span class='ocrx_word' id='word_1_204' title='bbox 486 3180 697 3266; x_wconf 89' lang='lat' dir='ltr'>peramanter</span> <span class='ocrx_word' id='word_1_205' title='bbox 721 3172 859 3248; x_wconf 89' lang='lat' dir='ltr'>indulsit</span> <span class='ocrx_word' id='word_1_206' title='bbox 883 3179 921 3248; x_wconf 87' lang='lat' dir='ltr'>ut</span> <span class='ocrx_word' id='word_1_207' title='bbox 939 3174 1112 3268; x_wconf 86' lang='lat' dir='ltr'>praelatus</span> <span class='ocrx_word' id='word_1_208' title='bbox 1137 3173 1302 3266; x_wconf 89' lang='lat' dir='ltr'>generalis</span> <span class='ocrx_word' id='word_1_209' title='bbox 1334 3170 1529 3248; x_wconf 86' lang='lat' dir='ltr'>Aloderator</span> 
     </span>
     <span class='ocr_line' id='line_1_27' title="bbox 286 3283 1527 3377; baseline -0.001 -21"><span class='ocrx_word' id='word_1_210' title='bbox 286 3283 324 3360; x_wconf 91' lang='lat' dir='ltr'>iu</span> <span class='ocrx_word' id='word_1_211' title='bbox 347 3283 566 3377; x_wconf 87' lang='lat' dir='ltr'>aggregandis</span> <span class='ocrx_word' id='word_1_212' title='bbox 592 3285 663 3358; x_wconf 85' lang='lat' dir='ltr'>aliis</span> <span class='ocrx_word' id='word_1_213' title='bbox 688 3285 874 3360; x_wconf 86' lang='lat' dir='ltr'>tinionitms</span> <span class='ocrx_word' id='word_1_214' title='bbox 899 3303 961 3360; x_wconf 88' lang='lat' dir='ltr'>seu</span> <span class='ocrx_word' id='word_1_215' title='bbox 986 3285 1317 3368; x_wconf 63' lang='lat' dir='ltr'>monumentorum</span> <span class='ocrx_word' id='word_1_216' title='bbox 1342 3285 1391 3357; x_wconf 91' lang='lat' dir='ltr'>uti</span> <span class='ocrx_word' id='word_1_217' title='bbox 1417 3283 1527 3376; x_wconf 88' lang='lat' dir='ltr'>possit</span> 
     </span>
     <span class='ocr_line' id='line_1_28' title="bbox 287 3395 1528 3494; baseline -0.002 -25"><span class='ocrx_word' id='word_1_218' title='bbox 287 3395 452 3477; x_wconf 69' lang='lat' dir='ltr'>mralcat</span> <span class='ocrx_word' id='word_1_219' title='bbox 477 3405 637 3472; x_wconf 88' lang='lat' dir='ltr'>consueto</span> <span class='ocrx_word' id='word_1_220' title='bbox 654 3395 835 3492; x_wconf 90' lang='lat' dir='ltr'>diplomate</span> <span class='ocrx_word' id='word_1_221' title='bbox 859 3418 928 3492; x_wconf 85' lang='lat' dir='ltr'>quo</span> <span class='ocrx_word' id='word_1_222' title='bbox 953 3399 1130 3494; x_wconf 83' lang='lat' dir='ltr'>hucusque</span> <span class='ocrx_word' id='word_1_223' title='bbox 1154 3417 1239 3474; x_wconf 81' lang='lat' dir='ltr'>rusus</span> <span class='ocrx_word' id='word_1_224' title='bbox 1255 3405 1318 3482; x_wconf 87' lang='lat' dir='ltr'>est,</span> <span class='ocrx_word' id='word_1_225' title='bbox 1339 3395 1528 3470; x_wconf 92' lang='lat' dir='ltr'>dummodo</span> 
     </span>
     <span class='ocr_line' id='line_1_29' title="bbox 288 3507 1528 3605; baseline -0.006 -15"><span class='ocrx_word' id='word_1_226' title='bbox 288 3507 324 3590; x_wconf 77' lang='lat' dir='ltr'>itt</span> <span class='ocrx_word' id='word_1_227' title='bbox 355 3509 628 3586; x_wconf 86' lang='lat' dir='ltr'>substantialibus</span> <span class='ocrx_word' id='word_1_228' title='bbox 661 3529 738 3585; x_wconf 90' lang='lat' dir='ltr'>cum</span> <span class='ocrx_word' id='word_1_229' title='bbox 771 3511 919 3586; x_wconf 83' lang='lat' dir='ltr'>Decretis</span> <span class='ocrx_word' id='word_1_230' title='bbox 951 3513 1052 3605; x_wconf 83' lang='lat' dir='ltr'>hujus</span> <span class='ocrx_word' id='word_1_231' title='bbox 1084 3514 1205 3588; x_wconf 89' lang='lat' dir='ltr'>Sacrae</span> <span class='ocrx_word' id='word_1_232' title='bbox 1237 3510 1528 3602; x_wconf 87' lang='lat' dir='ltr'>indulgentiarum</span> 
     </span>
    </p>
   </div>
   <div class='ocr_carea' id='block_1_3' title="bbox 288 3619 1531 4396">
    <p class='ocr_par' dir='ltr' id='par_1_3' title="bbox 288 3619 1531 4396">
     <span class='ocr_line' id='line_1_30' title="bbox 289 3619 1529 3717; baseline 0 -23"><span class='ocrx_word' id='word_1_233' title='bbox 289 3619 560 3714; x_wconf 79' lang='lat' dir='ltr'>congregationis</span> <span class='ocrx_word' id='word_1_234' title='bbox 585 3623 653 3698; x_wconf 87' lang='lat' dir='ltr'>sub</span> <span class='ocrx_word' id='word_1_235' title='bbox 676 3622 731 3697; x_wconf 88' lang='lat' dir='ltr'>dic</span> <span class='ocrx_word' id='word_1_236' title='bbox 757 3628 779 3696; x_wconf 95' lang='grc'><strong>8</strong></span> <span class='ocrx_word' id='word_1_237' title='bbox 803 3625 951 3699; x_wconf 84' lang='lat' dir='ltr'>tannarii</span> <span class='ocrx_word' id='word_1_238' title='bbox 969 3627 1059 3698; x_wconf 87' lang='grc'><strong>1881</strong></span> <span class='ocrx_word' id='word_1_239' title='bbox 1088 3625 1185 3699; x_wconf 89' lang='lat' dir='ltr'>editis</span> <span class='ocrx_word' id='word_1_240' title='bbox 1209 3623 1310 3717; x_wconf 90' lang='lat' dir='ltr'>plene</span> <span class='ocrx_word' id='word_1_241' title='bbox 1334 3619 1529 3696; x_wconf 86' lang='lat' dir='ltr'>concordet</span> 
     </span>
     <span class='ocr_line' id='line_1_31' title="bbox 288 3731 1531 3830; baseline 0.001 -25"><span class='ocrx_word' id='word_1_242' title='bbox 288 3731 458 3808; x_wconf 75' lang='lat' dir='ltr'>Praesenti</span> <span class='ocrx_word' id='word_1_243' title='bbox 483 3735 654 3828; x_wconf 84' lang='lat' dir='ltr'>perpetuis</span> <span class='ocrx_word' id='word_1_244' title='bbox 680 3735 798 3811; x_wconf 89' lang='lat' dir='ltr'>tuturis</span> <span class='ocrx_word' id='word_1_245' title='bbox 823 3738 1031 3830; x_wconf 84' lang='lat' dir='ltr'>temporibus</span> <span class='ocrx_word' id='word_1_246' title='bbox 1056 3737 1198 3812; x_wconf 81' lang='lat' dir='ltr'>valituro</span> <span class='ocrx_word' id='word_1_247' title='bbox 1214 3737 1343 3828; x_wconf 81' lang='lat' dir='ltr'>absque</span> <span class='ocrx_word' id='word_1_248' title='bbox 1368 3733 1435 3808; x_wconf 90' lang='lat' dir='ltr'>ulla</span> <span class='ocrx_word' id='word_1_249' title='bbox 1452 3734 1531 3806; x_wconf 84' lang='lat' dir='ltr'>Bra·</span> 
     </span>
     <span class='ocr_line' id='line_1_32' title="bbox 289 3842 1531 3940; baseline -0.002 -22"><span class='ocrx_word' id='word_1_250' title='bbox 289 3845 341 3920; x_wconf 87' lang='lat' dir='ltr'>ris</span> <span class='ocrx_word' id='word_1_251' title='bbox 367 3845 590 3940; x_wconf 79' lang='lat' dir='ltr'>expeditione.</span> <span class='ocrx_word' id='word_1_252' title='bbox 616 3847 690 3922; x_wconf 94' lang='lat' dir='ltr'>Non</span> <span class='ocrx_word' id='word_1_253' title='bbox 716 3848 925 3922; x_wconf 80' lang='lat' dir='ltr'>obstantibus</span> <span class='ocrx_word' id='word_1_254' title='bbox 950 3850 985 3922; x_wconf 93' lang='lat' dir='ltr'>in</span> <span class='ocrx_word' id='word_1_255' title='bbox 1011 3850 1215 3924; x_wconf 89' lang='lat' dir='ltr'>contrarium</span> <span class='ocrx_word' id='word_1_256' title='bbox 1240 3846 1440 3922; x_wconf 84' lang='lat' dir='ltr'>iacientibus</span> <span class='ocrx_word' id='word_1_257' title='bbox 1457 3842 1531 3934; x_wconf 83' lang='lat' dir='ltr'>qui·</span> 
     </span>
     <span class='ocr_line' id='line_1_33' title="bbox 288 3955 1531 4051; baseline -0.005 -17"><span class='ocrx_word' id='word_1_258' title='bbox 288 3957 512 4050; x_wconf 86' lang='lat' dir='ltr'>buscnmque.</span> <span class='ocrx_word' id='word_1_259' title='bbox 530 3959 667 4034; x_wconf 84' lang='lat' dir='ltr'>·llalum</span> <span class='ocrx_word' id='word_1_260' title='bbox 699 3960 824 4042; x_wconf 81' lang='lat' dir='ltr'>Romae</span> <span class='ocrx_word' id='word_1_261' title='bbox 853 3979 898 4034; x_wconf 83' lang='lat' dir='ltr'>er</span> <span class='ocrx_word' id='word_1_262' title='bbox 930 3962 1114 4036; x_wconf 81' lang='lat' dir='ltr'>secretaria</span> <span class='ocrx_word' id='word_1_263' title='bbox 1145 3963 1220 4036; x_wconf 89' lang='lat' dir='ltr'>Sao.</span> <span class='ocrx_word' id='word_1_264' title='bbox 1253 3955 1531 4051; x_wconf 79' lang='lat' dir='ltr'>congregationis</span> 
     </span>
     <span class='ocr_line' id='line_1_34' title="bbox 289 4068 1028 4167; baseline -0.003 -17"><span class='ocrx_word' id='word_1_265' title='bbox 289 4068 576 4162; x_wconf 83' lang='lat' dir='ltr'>tndulgautomm</span> <span class='ocrx_word' id='word_1_266' title='bbox 600 4071 656 4146; x_wconf 91' lang='lat' dir='ltr'>die</span> <span class='ocrx_word' id='word_1_267' title='bbox 682 4076 727 4146; x_wconf 79' lang='lat'>2³</span> <span class='ocrx_word' id='word_1_268' title='bbox 753 4073 896 4167; x_wconf 80' lang='lat' dir='ltr'>Augusti</span> <span class='ocrx_word' id='word_1_269' title='bbox 924 4079 1028 4148; x_wconf 85' lang='lat' dir='ltr'>t8ttl.</span> 
     </span>
     <span class='ocr_line' id='line_1_35' title="bbox 962 4183 1478 4270; baseline -0.008 -12"><span class='ocrx_word' id='word_1_270' title='bbox 962 4186 1000 4260; x_wconf 84' lang='lat' dir='ltr'>F.</span> <span class='ocrx_word' id='word_1_271' title='bbox 1027 4187 1130 4262; x_wconf 76' lang='lat' dir='ltr'>daun.</span> <span class='ocrx_word' id='word_1_272' title='bbox 1156 4187 1330 4270; x_wconf 89' lang='lat' dir='ltr'>Asouuuus</span> <span class='ocrx_word' id='word_1_273' title='bbox 1355 4183 1478 4259; x_wconf 77' lang='lat' dir='ltr'>emur.</span> 
     </span>
     <span class='ocr_line' id='line_1_36' title="bbox 905 4293 1529 4396; baseline -0.01 -24"><span class='ocrx_word' id='word_1_274' title='bbox 905 4299 945 4374; x_wconf 88' lang='lat' dir='ltr'>A.</span> <span class='ocrx_word' id='word_1_275' title='bbox 972 4297 1362 4396; x_wconf 61' lang='lat' dir='ltr'>scotomaticorum</span> <span class='ocrx_word' id='word_1_276' title='bbox 1388 4293 1529 4370; x_wconf 79' lang='lat' dir='ltr'>sltdstd.</span> 
     </span>
    </p>
   </div>
   <div class='ocr_carea' id='block_1_4' title="bbox 0 0 1697 4924">
    <p class='ocr_par' dir='ltr' id='par_1_4' title="bbox 0 0 1697 4924">
     <span class='ocr_line' id='line_1_37' title="bbox 0 0 1697 4924; baseline 0 0"><span class='ocrx_word' id='word_1_277' title='bbox 0 0 1697 4924; x_wconf 95' lang='lat' dir='ltr'> </span> 
     </span>
    </p>
   </div>
  </div>
 </body>
</html>
