3132 4924
1142 393 1145 400 Δ
1219 321 1261 388 fil

630 460 720 536 xxi.

57 647 255 714 &commun
275 649 535 732 fodobeotiorom
555 667 629 732 pone
645 649 716 715 Pice
740 598 1030 731 deneeoaeopoc
1047 645 1147 716 Ounno
1160 646 1198 714 de
1218 603 1296 713 bons

131 757 239 824 liures
258 756 293 822 fa
312 757 442 824 marcai
460 757 671 843 burdigalensi
690 775 841 824 concessae
859 764 940 824 sont.

564 977 781 1035 unnnrcnunu.
852 1042 857 1049 ,

127 1137 372 1214 sanctissimus
396 1138 559 1216 Dominus
583 1140 703 1216 Noster
727 1141 796 1215 Leo
820 1139 883 1214 PP.
900 1139 962 1212 llll
986 1157 1030 1212 cn
1056 1136 1167 1213 debito
1192 1135 1305 1211 Pasto-

51 1247 127 1320 ralis
153 1248 265 1336 officit
290 1251 355 1325 sibi
379 1271 399 1328 a
423 1254 493 1326 lico
522 1253 704 1338 commissi,
730 1252 774 1326 ad
798 1271 838 1326 ea
862 1252 1009 1326 libenter
1025 1250 1214 1335 intendens,
1244 1268 1306 1343 per

50 1379 133 1452 quae
158 1363 302 1436 Divinus
328 1364 447 1451 cultus,
473 1363 690 1458 fideliumque
716 1365 830 1457 religio
854 1365 982 1459 ubique
1015 1363 1174 1457 suscipiat
1198 1359 1304 1436 inore

49 1480 215 1559 mentum,
233 1481 268 1548 et
284 1474 328 1549 de
344 1483 477 1550 aeterna
503 1495 621 1552 eorum
645 1477 797 1551 felicitate
814 1474 1022 1572 procuranda
1039 1494 1141 1570 quam
1159 1474 1305 1546 mamma

49 1585 228 1672 sollicitus,
254 1587 364 1662 enixis
388 1588 545 1683 precibus
570 1588 820 1684 Archiepiscopi
845 1586 1101 1681 Burdigalensis,
1134 1587 1193 1679 qni
1217 1586 1307 1680 piam

51 1699 196 1791 cupiens
214 1700 374 1774 canonice
391 1701 520 1794 erigere
535 1701 701 1774 Unionem
734 1707 959 1795 nuncupatam
996 1701 1135 1775 «Ouum
1160 1697 1201 1772 de
1226 1697 1309 1772 bons

47 1811 198 1885 fiores»
224 1810 409 1886 subtituto
434 1814 470 1886 B.
496 1813 540 1887 lt.
565 1812 731 1905 Virginis;
757 1814 811 1886 cui
835 1813 957 1887 Unioni
981 1813 1025 1887 sit
1049 1831 1129 1886 cura
1157 1809 1306 1904 promul·

45 1922 148 2015 gandi
174 1929 210 1998 et
234 1923 450 2019 dispensandi
475 1925 577 1998 libros
601 1924 693 1999 lidei
718 1925 909 1999 rudimenta
921 1926 1130 2000 continentes
1156 1922 1199 2030 ad
1222 1921 1306 1996 fide-

46 2035 128 2108 tium
144 2035 335 2122 utilitatem,
353 2043 392 2112 ut
408 2037 643 2110 abstrahantur
659 2057 679 2110 a
695 2038 815 2123 noxiis,
833 2045 868 2112 ct
883 2035 926 2112 ad
942 2037 1097 2112 salutaria
1113 2035 1308 2127 dirigantur,

45 2145 199 2240 benigne
224 2165 395 2222 annuens:
421 2149 579 2224 omnibns
603 2149 792 2243 praedictae
816 2151 892 2244 piae
915 2149 1038 2224 Unioni
1062 2146 1248 2242 adscriptis,
1270 2164 1310 2220 ac

44 2259 273 2354 inposterum
286 2260 515 2336 adscribendis
532 2261 757 2358 infrascriptos
774 2260 1000 2355 indulgentias
1016 2265 1227 2356 peramanter
1246 2258 1310 2332 im·

44 2374 194 2466 pertitus
219 2380 273 2448 est
296 2392 429 2470 nempe.

144 2549 192 2614 l.⁰
216 2547 258 2616 lis
279 2551 334 2632 qui
355 2551 552 2618 sacrosancto
571 2551 679 2618 llissae
700 2551 854 2619 Sacrificio
874 2550 969 2618 semel
987 2550 1020 2616 in
1041 2563 1144 2616 mense
1166 2565 1221 2632 pro
1234 2547 1310 2612 rivis

50 2653 82 2711 et
103 2645 265 2710 defunctis
287 2645 531 2713 benefactoribus
558 2646 739 2712 celebrando
761 2649 793 2712 iu
815 2647 949 2712 Ecclesia
970 2645 1009 2711 ab
1030 2644 1190 2711 ordinario
1216 2643 1310 2708 semel

53 2746 183 2806 butum
206 2740 362 2821 eligenda,
383 2741 474 2806 corde
494 2742 601 2806 saltem
629 2743 776 2823 contrito,
797 2759 832 2808 ac
853 2744 960 2808 devoto
980 2741 1187 2820 interfuerint,
1208 2744 1239 2804 ot
1258 2753 1313 2819 per

50 2833 184 2916 aliquod
209 2837 354 2917 temporis
374 2837 507 2918 spatium
526 2837 614 2918 juxta
636 2843 770 2904 menum
791 2837 965 2903 sanctitatis
983 2837 1062 2902 Suae
1082 2838 1131 2919 pie
1151 2834 1312 2914 oraverint,

51 2937 178 3012 septem
199 2945 359 3010 annornm,
381 2931 569 3013 totidemque
589 2932 854 3014 quadragenarum
875 2932 1099 3013 indulgentiam
1119 2930 1277 2996 concessit.

143 3023 192 3088 2⁰
211 3024 359 3090 llamdam
380 3025 604 3108 indulgentiam
621 3028 733 3109 pariter
751 3027 897 3109 elargitus
910 3033 956 3091 est
969 3027 1017 3107 iis,
1037 3025 1091 3108 qui
1111 3025 1246 3105 legitime
1260 3023 1312 3087 im·

50 3117 167 3200 pediti,
189 3118 238 3182 nel
257 3119 387 3198 infirmi,
410 3121 604 3201 praelaudato
632 3121 740 3186 blissae
761 3121 915 3186 Sacrificio
939 3121 1085 3184 interesse
1110 3117 1311 3199 nequiverint,

51 3211 244 3292 dummodo,
265 3215 291 3278 si
312 3213 451 3297 impediti
472 3215 563 3281 allam
588 3216 710 3281 llissem
738 3216 924 3295 audiverint,
945 3219 975 3280 et
995 3215 1021 3280 si
1043 3213 1156 3278 infirmi
1177 3212 1236 3276 alia
1260 3211 1309 3292 pia

54 3323 154 3390 opera
176 3323 195 3371 a
215 3309 399 3374 confessario
418 3309 606 3392 injungenda
627 3311 757 3376 fideliter
777 3311 961 3394 peregerint.
1191 3361 1195 3370 .

143 3401 191 3466 3.⁰
212 3400 358 3467 Similiter
383 3404 608 3486 indulgentiam
637 3411 808 3471 tercentum
828 3406 948 3470 dierum
968 3402 1112 3468 omuibus
1138 3398 1312 3480 adscriptis,

55 3496 152 3560 toties
173 3497 304 3576 quoties,
326 3513 426 3580 opera,
446 3498 584 3578 consilio,
606 3500 653 3564 nel
674 3500 733 3566 alio
754 3516 815 3581 qno
837 3499 983 3582 poterint,
1009 3496 1127 3564 meliori
1149 3494 1239 3562 modo
1258 3507 1314 3575 pro
1386 3539 1388 3544 .

55 3607 170 3655 eornm
193 3589 328 3656 iustituti
349 3599 512 3674 augmento
533 3593 740 3675 praestabunt.

143 3684 191 3750 t?
211 3685 429 3752 Sacerdotibus
450 3693 481 3752 et
501 3686 714 3753 Saecularibus
734 3689 905 3770 praedictae
925 3687 1053 3754 Unionis
1073 3685 1192 3768 quoties
1218 3683 1312 3748 libros

55 3779 253 3862 prohibitos,
272 3789 342 3847 tum
362 3781 528 3847 obscoenos
549 3789 579 3848 et
599 3783 809 3864 haereticales,
830 3790 896 3850 tum
917 3789 1021 3848 contra
1041 3780 1137 3847 bonos
1164 3793 1262 3845 mores
1283 3783 1313 3840 et

55 3875 257 3957 Religionem
278 3883 494 3958 pertractantes
509 3879 546 3942 ati
562 3880 716 3961 proprium
739 3878 931 3945 ordinarium
947 3877 1120 3954 detulerint,
1140 3875 1229 3940 toties
1243 3889 1314 3955 qua·
1425 3959 1428 3966 Ι

58 3971 205 4051 draginta
229 3969 351 4035 dierum
366 3969 591 4053 indulgentiam
612 3975 783 4054 impertitus
801 3981 855 4054 est,
870 3973 1083 4039 Sacerdotibus
1104 3985 1175 4035 sero
1195 3968 1254 4032 boc
1268 3977 1315 4049 pe·

56 4079 173 4145 regere
192 4063 396 4146 studentibus,
417 4073 536 4147 praeter
557 4067 752 4133 enunciatam
772 4068 932 4133 Partialem
955 4063 1189 4146 indulgentiam,
1211 4060 1312 4126 ludul-

56 4167 131 4224 tnm
150 4159 245 4225 etiam
266 4158 377 4224 attaris
404 4159 587 4243 privilegiati
608 4163 792 4243 personalis,
814 4179 868 4244 pro
889 4167 1021 4242 quatuor
1041 4163 1160 4224 tantum
1181 4145 1263 4220 feriis
1284 4155 1316 4218 in

59 4253 203 4336 qualibet
215 4253 416 4336 bebdomada,
431 4255 609 4324 eorumvita
625 4257 759 4324 naturali
779 4257 910 4325 durante
925 4255 1089 4324 valiturum
1103 4258 1149 4321 est
1162 4250 1317 4332 elargitus.
