3134 4918
580 364 797 430 -397-

589 567 790 643 cotxxut.

538 713 843 770 cassaneam

148 839 332 930 Episcopus
367 838 622 910 Cameracensis
653 837 795 930 exponit
820 837 1087 930 praescriptum,
1112 857 1171 912 sen
1200 839 1307 932 tepent

88 954 180 1020 totam
205 950 396 1022 Dioecesiru
421 947 620 1041 afficientem
640 950 905 1042 promulpotanr
927 950 1030 1042 punse
1062 951 1180 1041 quoad
1203 951 1305 1026 sodo·

87 1061 184 1134 litotes
209 1062 374 1134 canonice
398 1066 548 1148 erectas;
582 1080 670 1152 quoe
695 1062 752 1134 ter
781 1062 860 1154 tert,
886 1066 926 1134 ut
950 1083 974 1135 o
999 1061 1130 1136 duobus
1161 1065 1305 1158 Contra·

86 1165 198 1256 tribus(
216 1173 361 1265 sinputis
386 1174 471 1245 anni
496 1175 683 1246 Dominicis
700 1173 827 1255 diebrrs,
854 1175 1102 1266 quaestuaudo,
1125 1181 1306 1267 arpentum

85 1286 269 1376 ooliipatur.
299 1285 382 1358 Canu
410 1305 491 1359 ocra
517 1306 541 1356 a
566 1291 594 1374 ξ.
628 1287 715 1358 l'tti.
747 1288 871 1359 Bultae
907 1288 1083 1360 Gterneutis
1122 1290 1208 1361 ΠΗ.
1242 1288 1306 1363 troc

81 1396 311 1488 probibentur,
337 1399 473 1488 nunant
489 1405 605 1470 utrum
623 1399 706 1489 qnia
722 1398 853 1491 tactum
879 1398 972 1490 quod
996 1401 1054 1472 reo·
1072 1399 1306 1492 praelaudato

82 1509 212 1600 terebat,
231 1507 459 1581 sodalitotunr
475 1511 717 1583 associationes
741 1513 859 1583 nullae
874 1511 952 1592 sint,
975 1512 1172 1604 priritepin,
1190 1532 1232 1584 ac
1249 1514 1305 1585 tn·

82 1619 270 1713 tripentiae
295 1620 465 1703 odnecoe,
496 1623 697 1695 ectiroctoe?

142 1734 214 1805 Sae.
247 1732 476 1826 congregatio,
503 1733 623 1807 auditis
648 1733 883 1807 consultorum
908 1735 1011 1819 rotis,
1038 1732 1085 1808 ac'
1109 1733 1152 1830 rej
1177 1743 1307 1811 matura

79 1863 237 1939 perpensa
270 1846 443 1940 rospondit
468 1847 584 1918 «Nihil
617 1847 749 1920 obstare
774 1853 812 1920 nt
835 1847 1126 1922 Contratmnitates
1158 1851 1304 1923 eleemo-

77 1959 157 2030 sinas
181 1959 342 2050 colligant
362 1962 459 2051 juxta
484 1959 591 2050 legem
618 1966 720 2030 totam
745 1959 933 2032 dioecesim
960 1959 1158 2034 afficientem
1184 1963 1227 2036 ab
1243 1963 1305 2036 Or·

77 2069 194 2156 dinato
222 2073 465 2165 praescriptam
490 2069 677 2162 erogandas
701 2071 736 2142 in
761 2072 928 2145 Ecclesiae
953 2090 1014 2146 seu
1040 2073 1179 2146 Oratorii
1209 2093 1306 2169 repa-

76 2183 232 2256 rationem
266 2189 367 2274 atque
397 2189 570 2266 ornatum,
597 2182 648 2254 rel
674 2183 709 2253 in
734 2183 816 2256 alios
848 2183 922 2275 pios
955 2203 1038 2256 usos
1063 2185 1106 2258 de
1138 2205 1306 2261 consensu

75 2295 220 2385 ejusdem
241 2293 408 2368 Ordinaril
430 2297 524 2386 juxta
550 2295 605 2367 sit.
640 2294 821 2369 Clementis
846 2297 930 2368 Vlll.
956 2296 1231 2372 constitutionem
1249 2305 1306 2388 §8

74 2407 278 2501 maiorisque
303 2407 514 2481 sodalitatem
542 2409 780 2482 associationes
805 2408 951 2492 validae,
982 2410 1161 2502 privilegia,
1187 2429 1227 2483 ac
1252 2413 1305 2484 ln-

73 2519 258 2612 dnlgontiae
284 2520 437 2595 adnexae
462 2521 601 2594 minime
626 2521 818 2594 extinctae»
842 2522 889 2594 lta
915 2522 1097 2615 respondit,
1114 2529 1148 2596 et
1164 2522 1307 2597 declara·

72 2633 122 2708 rit.
146 2635 208 2708 uie
240 2639 281 2705 ll
310 2633 399 2707 lunii
429 2638 533 2705 1838.

586 2829 789 2902 GDLXXlV.

537 2975 841 3029 cananaeam

137 3082 239 3156 idem
254 3084 442 3176 Episcopus
459 3083 611 3175 exponit,
628 3081 721 3173 qaod
736 3083 774 3154 in
790 3103 855 3155 sua
877 3085 1029 3157 Dioecesi
1054 3085 1305 3170 arbitrabatur,

69 3194 307 3288 ludutperrtias
325 3197 521 3268 Stationem
552 3195 630 3267 Viae
665 3195 781 3267 Grrmis
817 3196 965 3277 roboris,
991 3201 1024 3268 et
1048 3216 1118 3268 uon
1145 3199 1307 3272 omnbus

69 3307 224 3381 aduenas
249 3309 364 3401 tuisse
392 3311 447 3380 Ea
472 3306 536 3380 boc
562 3313 677 3380 ortum
702 3313 761 3388 est,
788 3307 881 3398 quod
905 3310 942 3380 in
961 3309 1121 3401 pluribus
1137 3311 1305 3393 Ecclesiis,

68 3421 121 3493 ubi
145 3426 285 3495 erectae
310 3422 460 3493 existunt
478 3421 648 3494 stationes
673 3421 750 3492 Viae
768 3421 896 3502 Eunu,
920 3422 1070 3493 Eobrrlae
1095 3426 1228 3495 tuntum
1245 3441 1306 3515 ap

63 3541 210 3624 porcum
237 3534 410 3626 supplicat
430 3552 499 3626 pro
525 3533 690 3627 [acuttate
707 3531 910 3605 aduedendi
935 3552 1049 3606 omnes
1069 3533 1304 3625 indntpentias

72 3645 146 3718 tiae
174 3647 297 3720 Creteis
324 3647 538 3719 Stationibus
555 3647 635 3736 jam
660 3647 790 3725 erectis,
816 3646 972 3736 anamais
1000 3646 1152 3719 Tabulae
1168 3651 1303 3718 tantum

66 3763 276 3852 appareant,
303 3761 337 3830 et
361 3756 426 3830 boc
450 3777 493 3829 ne
516 3756 722 3830 scandatum
747 3758 884 3830 oriatur
908 3759 945 3829 in
964 3759 1145 3850 poputum.

132 3873 211 3944 Sac.
240 3871 462 3961 congregatio
478 3871 562 3942 tacta
579 3870 797 3942 Sanmissino
822 3870 980 3943 relatione
1004 3869 1179 3961 respondit
1197 3870 1306 3945 «San-

65 3983 236 4056 etissimns
260 3989 323 4056 eto.
350 3989 475 4055 attenta
498 3983 587 4056 bona
612 3981 680 4054 fide
705 3981 925 4054 consolidavit
941 3981 1108 4054 stationes
1128 3981 1305 4074 bnmsqne

65 4103 189 4168 amns
224 4093 300 4168 sine
324 4094 502 4178 Crucibus,
529 4113 570 4166 ao
595 4093 773 4178 mandarit,
799 4101 837 4167 nt
861 4093 950 4168 idern
975 4092 1162 4184 Episcopus
1192 4101 1303 4168 orator

64 4207 131 4281 sire
157 4226 225 4300 per
249 4225 299 4291 se,
316 4207 388 4280 sire
413 4225 476 4300 per
491 4207 566 4298 ojns
581 4206 749 4279 librarium
775 4203 900 4278 Cruces
924 4205 1051 4297 ligneas
1075 4205 1229 4296 privatim
1245 4205 1303 4282 be

64 4318 206 4406 nodieat,
235 4337 362 4412 easque
386 4319 593 4406 benedictas,
610 4319 817 4393 Statiombns
837 4318 886 4392 sic
906 4317 975 4412 iam
1001 4317 1119 4392 menis
1143 4335 1303 4412 superpo·
