3214 4928
831 342 1024 410 ...76-

306 482 363 554 aut
388 478 579 569 ignorantes
603 484 781 570 praecepta
810 476 939 550 balad
964 478 1105 550 salutem
1134 477 1325 550 necessarie
1354 475 1536 564 docuerint,

305 591 485 664 autetiam
511 590 570 682 qui
596 608 734 683 corpora
759 589 999 664 Delnnctorum
1025 597 1093 663 tam
1118 590 1329 664 confratrum
1354 596 1388 664 et
1413 591 1537 666 conso·

303 721 418 776 rorum
444 702 822 777 Archiconlratornitatis
839 702 1042 795 hujusmodi,
1068 722 1170 794 quam
1196 704 1334 776 aliomm
1361 702 1403 776 ad
1427 706 1538 796 scpul-

304 821 413 888 turam
440 817 686 900 associaverint,
714 822 771 888 aut
796 816 978 907 quinquies
996 817 1187 888 Orationem
1204 815 1422 900 Dominicam,
1440 823 1473 890 et
1489 823 1538 890 to-

303 928 365 1000 ties
391 927 630 1002 Salutationem
655 927 847 1018 Angelicam
865 947 927 1021 pro
943 927 1130 1001 animabus
1155 928 1368 1002 contratrum
1393 935 1427 1000 ct
1450 928 1536 1002 coo·

302 1058 457 1114 sororum
475 1041 628 1134 ejusdem
649 1041 1027 1116 Archiooniraternitatis
1046 1040 1279 1116 detunctorum
1305 1042 1538 1131 recitaverint;

301 1153 409 1237 toties,
436 1173 498 1246 pro
524 1155 674 1246 quolibet
698 1173 840 1247 operum
865 1153 1090 1247 praelatorum
1116 1161 1251 1228 centum
1273 1152 1357 1228 dies.
1384 1155 1456 1240 Qua
1479 1173 1539 1248 pa*

301 1265 382 1340 riter
407 1265 461 1340 die
486 1269 669 1342 Ecclesiam
687 1268 740 1341 vel
757 1268 949 1360 cappellam
965 1285 1026 1340 seu
1044 1267 1232 1341 oratorium
1258 1265 1538 1342 brebiconireter·

301 1377 412 1452 nitatis
437 1380 626 1471 praedictae
651 1380 871 1465 visitaverint,
886 1381 939 1452 vel
964 1381 993 1452 si
1018 1378 1164 1470 legitime
1190 1378 1339 1472 impediti
1358 1378 1538 1471 quinquies

301 1489 491 1564 Orationem
516 1492 735 1575 Dominicam,
763 1499 796 1566 et
821 1491 1002 1584 quinquies
1028 1491 1261 1564 salutationem
1286 1490 1480 1582 angelicam
1507 1500 1540 1565 ct

299 1603 397 1678 toties
423 1605 626 1680 versiculum
652 1606 763 1679 Gloria
790 1606 878 1680 Patri
895 1612 929 1678 et
945 1603 988 1677 ad
1004 1605 1168 1679 honorem
1190 1605 1342 1696 quinque
1366 1606 1540 1698 plagarum

301 1715 435 1789 bomini
459 1717 569 1790 Nostri
590 1719 669 1791 lesu
687 1717 809 1790 Christi
827 1723 860 1790 et
876 1718 910 1789 S.
929 1717 1095 1790 Francisci
1120 1714 1242 1790 devote
1263 1715 1417 1802 dixerint,
1444 1719 1541 1809 quin·

301 1845 369 1918 que
394 1845 500 1902 aunos
526 1835 561 1902 et
584 1830 723 1904 totidem
749 1829 980 1922 quadragenas
1011 1828 1054 1902 de
1082 1829 1240 1920 injunctis
1271 1829 1338 1914 eie,
1368 1847 1429 1903 sou
1460 1832 1540 1905 alias

300 1940 553 2031 quomodolibet
579 1941 700 2020 debitis
733 1942 945 2034 poenitentiis
978 1943 1012 2014 in
1042 1941 1149 2015 torma
1180 1942 1348 2016 Ecclesiae
1380 1951 1542 2018 consueta

299 2054 471 2127 relaxavit.
498 2055 640 2149 insuper
666 2053 785 2128 iisdem
811 2054 1040 2128 confratribus
1073 2060 1106 2126 et
1132 2053 1376 2128 consororibus
1409 2057 1541 2148 praedi·

299 2172 372 2240 otae
397 2166 786 2251 Arabiconiratemitatis
806 2168 864 2258 qui
889 2167 1008 2241 diebus
1034 2167 1069 2238 in
1094 2167 1217 2240 llisseli
1243 2169 1394 2241 Romano
1411 2168 1453 2240 ad
1470 2171 1543 2242 Sta·

299 2278 428 2352 tionum
453 2280 679 2371 indulgentias
705 2278 926 2370 acquirendas
943 2279 1119 2371 descriptis
1136 2277 1290 2371 ejusdem
1307 2279 1539 2354 drobiconlra·

299 2391 462 2466 ternitatis
486 2393 681 2476 Ecclesiam,
709 2391 761 2464 vel
786 2391 994 2485 cappellam,
1021 2409 1082 2466 seu
1108 2391 1296 2464 oratorium
1322 2391 1539 2476 visitaverint,

299 2511 337 2578 ut
362 2506 499 2580 easdem
525 2505 751 2597 indulgentias
782 2511 1032 2594 consequentur
1070 2522 1156 2595 quas
1194 2513 1483 2594 consequerentur
1513 2508 1542 2580 si

300 2617 421 2690 iisdem
451 2617 571 2690 diebus
600 2616 768 2690 Ecclesias
796 2616 840 2688 de
869 2615 960 2689 Urbe
985 2617 1038 2688 vel
1068 2621 1162 2688 extra
1186 2614 1340 2706 ejusdcm
1366 2618 1479 2690 Muros
1508 2620 1541 2690 in

299 2728 424 2802 blissali
450 2729 602 2801 Romano
629 2746 808 2822 expressas
826 2729 1008 2812 visitarent,
1026 2723 1207 2800 clementer
1224 2727 1372 2800 indulsit.
1399 2729 1442 2802 lis
1459 2749 1543 2804 vero

299 2860 344 2915 ex
369 2840 526 2932 praelatis
551 2840 781 2915 confratribus
807 2848 840 2914 et
866 2840 1110 2914 consororibus
1136 2839 1194 2929 qui
1223 2840 1414 2914 Orationem
1444 2843 1540 2915 blen-

300 2953 401 3028 talem
427 2953 545 3026 saltem
571 2973 632 3046 per
658 2954 743 3028 duos
769 2952 973 3045 quadrantes
990 2953 1092 3024 borae
1117 2951 1309 3044 peregerint
1332 2971 1401 3043 qua
1426 2952 1480 3026 die
1507 2953 1543 3026 id

292 3065 431 3158 egerint
446 3072 583 3138 centum
605 3065 746 3151 diemm,
773 3067 802 3138 si
827 3084 908 3140 voro
933 3083 993 3157 per
1019 3065 1186 3155 integmm
1211 3082 1364 3138 mensem
1391 3064 1544 3156 quotidie

300 3177 456 3254 camdem
472 3178 664 3252 Orationem
681 3178 818 3252 iecerint
835 3184 868 3250 et
884 3196 952 3251 una
968 3175 1023 3250 die
1040 3176 1193 3267 ejusdem
1210 3177 1337 3250 mensis
1361 3175 1405 3250 ad
1429 3177 1544 3268 cuius·

300 3309 369 3382 que
393 3290 523 3365 libitum
549 3290 702 3382 eligenda
726 3309 805 3363 vore
830 3291 1051 3382 poenitentes
1078 3294 1111 3362 et
1136 3289 1291 3372 confessi,
1317 3308 1356 3361 ac
1381 3291 1415 3362 S.
1442 3289 1543 3362 com·

299 3402 461 3478 munione
486 3403 598 3476 reiecti
624 3403 747 3478 luerint
772 3409 901 3496 septem
927 3421 1104 3485 annorum,
1126 3400 1333 3493 totidemque
1350 3399 1540 3493 quadrage·

298 3533 430 3589 narum.
457 3515 493 3588 si
518 3521 630 3590 autem
660 3514 809 3606 quotidie
838 3516 984 3608 praelata
1014 3532 1075 3607 per
1092 3532 1217 3587 annum
1235 3514 1439 3606 completum
1456 3533 1540 3586 oon·

298 3627 509 3710 tinnaverint,
535 3634 569 3702 et
593 3648 660 3702 nna
685 3629 808 3720 pariter
834 3627 889 3702 die
915 3627 958 3700 ed
983 3626 1161 3718 cujuslibet
1185 3626 1315 3699 libitum
1339 3627 1492 3718 eligenda
1510 3627 1541 3700 si

299 3758 379 3814 vere
404 3742 613 3834 poenitentes
639 3741 784 3814 coniessi
810 3759 848 3812 ec
865 3741 899 3812 S.
914 3738 1158 3813 communione
1183 3737 1298 3812 reiecti
1322 3739 1446 3812 fuerint
1471 3740 1543 3830 ple·

300 3852 428 3924 nariam
453 3850 696 3942 lndulgentiam
722 3851 897 3924 concessit.
924 3853 967 3924 Ut
991 3849 1129 3943 praelati
1154 3850 1345 3923 confratres
1362 3855 1395 3924 et
1412 3851 1542 3924 conso

299 3982 434 4040 sorores
459 3965 657 4057 participent
673 3963 717 4036 de
733 3965 891 4037 omnibus
909 3964 1134 4048 Orationibus,
1160 3962 1360 4056 Disciplinis,
1386 3963 1541 4054 iejuniis

300 4077 637 4169 Peregrinationibus,
662 4076 971 4152 Mortificationibns
997 4076 1227 4160 Poenitentiis,
1254 4074 1473 4168 indulgentiis
1500 4095 1543 4149 ac

300 4189 365 4284 piis
391 4189 560 4282 operibus,
586 4191 795 4282 caeterisque
819 4191 918 4265 bonis
943 4190 1169 4286 spiritualibus
1195 4208 1257 4281 por
1280 4189 1412 4262 Fratres
1436 4187 1542 4260 totius

300 4299 433 4378 Ordinis
470 4302 505 4376 S.
539 4302 704 4380 Erooclsci
743 4305 952 4397 peragendis,
986 4305 1039 4378 vcl
1067 4303 1252 4397 respective
1285 4299 1542 4394 quomodolibet
