3182 4922
659 286 878 354 -bttt-

145 422 292 512 benigne
323 420 490 494 concessit
520 418 765 512 indulgentiam
797 423 984 496 Plenaiam
1015 422 1174 498 omnibus
1206 422 1384 518 nutusque

143 551 249 606 sexus
274 531 564 616 christifidelibus,
591 533 651 624 qui
676 551 756 606 vere
779 534 989 625 poenitentes
1014 534 1158 610 contessi
1174 551 1215 610 ac
1230 535 1265 612 tt
1283 535 1383 612 dom·

143 646 306 718 munione
329 644 464 730 romu,
481 643 629 737 praelata
644 644 700 718 dic
717 664 818 718 unam
845 665 889 720 ex
913 647 1071 720 Ecclesiis
1095 647 1233 739 praelati
1249 648 1384 722 Ordinis

10 809 11 846 ,
142 755 265 830 devote
297 756 521 840 visitaverint,
548 773 587 828 ac
619 756 666 832 ibi
697 758 794 847 juxta
826 765 974 831 mentem
1003 757 1163 850 Ejusdem
1195 759 1384 834 sanctitatis

141 868 231 941 Suae
256 887 318 961 per
343 867 478 959 aliquod
503 869 666 960 temporis
690 869 836 962 matium
860 870 933 964 pias
958 870 1001 943 ad
1026 872 1134 944 mum
1159 890 1278 964 preces
1298 873 1381 946 ellu-

141 980 276 1070 dcrint;
303 982 388 1054 lacta
413 983 551 1074 insopor
575 989 741 1074 potestate
766 983 920 1056 eamdem
936 983 1180 1075 indulgentiam
1197 985 1381 1060 Pleoariam

138 1091 335 1184 bujusmodi
361 1092 528 1166 defunctis
553 1094 752 1186 applicandi
778 1097 949 1168 Praesenti
973 1097 1145 1188 perpetuis
1164 1096 1283 1171 tuturis
1299 1103 1382 1172 tem·

137 1207 277 1298 poribus
302 1207 453 1289 valituro,
480 1206 614 1296 absque
640 1207 706 1280 nlla
731 1207 847 1280 Brevis
872 1207 1096 1300 expeditione.

210 1319 332 1391 Datum
357 1320 484 1390 Romae
510 1337 555 1392 cx
581 1319 765 1392 secretaria
790 1321 864 1394 Sao.
891 1320 1165 1414 congregacionis
1201 1321 1378 1416 Indulgen-

138 1430 260 1503 tiarum
286 1430 341 1503 die
368 1435 416 1502 30
442 1430 652 1523 Septembris
680 1437 787 1508 ress.

812 1545 850 1618 F.
876 1544 981 1618 cmo.
1007 1544 1180 1628 Mommcs
1205 1549 1327 1620 Pnups.

775 1659 816 1732 Α.
842 1655 1001 1751 Arcbipr.
1028 1659 1232 1733 Priozioollt'
1258 1659 1368 1734 Sttbst

659 1904 852 1980 mxxiii.

613 2147 706 2202 neeis
730 2149 772 2202 ttr
798 2149 891 2203 obbts

206 2325 262 2400 ild
287 2325 491 2398 humillimas
522 2343 640 2420 preces
671 2327 837 2400 vincentii
869 2326 1016 2400 Thomee
1044 2327 1217 2402 ldarcbetti
1242 2347 1262 2401 a
1286 2327 1372 2404 Cora

133 2439 304 2512 bioccesis
320 2439 560 2513 veliternensis
576 2439 813 2512 sanctissimos
830 2439 993 2527 Dominus
1008 2439 1128 2512 Noster
1147 2440 1227 2512 Pius
1245 2441 1307 2513 ΡΡ.
1326 2441 1371 2518 IX

131 2551 280 2642 benigne
304 2551 479 2624 inclinatus
502 2551 669 2624 universis
685 2550 860 2641 utriusque
877 2567 982 2624 serus
998 2550 1295 2636 Christilidelibus,
1314 2552 1372 2644 qui

131 2663 234 2736 corde
260 2663 378 2736 saltem
396 2665 537 2735 contrito
555 2663 819 2755 Respoosorium
836 2663 932 2754 cnjus
949 2663 1079 2738 initium
1097 2692 1110 2725 ‹
1125 2666 1266 2738 ostenso
1281 2664 1371 2755 que-

130 2779 208 2868 quis
233 2778 391 2868 apetie,
417 2795 495 2848 cnm
525 2775 655 2850 adnexa
681 2775 830 2848 oratione
855 2775 889 2848 in
915 2776 1077 2850 bonorem
1109 2779 1145 2852 Β.
1172 2777 1319 2850 rhomae
1351 2796 1369 2848 a

129 2889 236 2973 Cora,
262 2889 365 2961 latino
390 2889 445 2961 vel
468 2888 579 2960 italico
604 2887 761 2960 idiomate
785 2885 905 2960 devote
928 2889 1155 2971 recitaverint,
1181 2889 1234 2960 vel
1259 2889 1371 2980 legere

130 2999 360 3074 nescientibus
386 3007 436 3072 ter
461 3001 645 3072 orationem
670 2998 876 3072 Dominicam
902 3005 1021 3088 terque
1037 2999 1228 3089 angelicam
1243 2999 1370 3071 Saluta·

129 3113 274 3196 tionem,
292 3111 499 3202 totidemque
517 3113 638 3186 litorio
655 3111 755 3184 Petri
772 3115 832 3182 cte.
850 3109 968 3182 Eidem
979 3111 1085 3206 ‚Beato
1102 3109 1249 3182 thomae
1268 3110 1370 3183 corde

126 3226 254 3320 pariter
279 3225 421 3297 contrito
448 3242 487 3296 ac
512 3222 635 3296 devote
658 3220 814 3304 tuderint,
831 3218 1073 3311 indulgentiam
1088 3223 1223 3290 centum
1237 3215 1367 3290 dierum

126 3357 191 3432 pro
216 3338 365 3429 qualibet
389 3337 582 3408 recitatione
605 3333 788 3408 clementer
813 3331 989 3406 concessit
1007 3331 1050 3403 lis
1067 3348 1147 3402 vero
1163 3328 1368 3402 christifide

126 3451 215 3522 libus
241 3450 300 3541 qni
325 3448 623 3541 supracnunciates
648 3461 767 3538 preces
792 3461 853 3536 per
879 3444 1045 3535 integrum
1070 3459 1224 3515 mensem
1249 3440 1365 3514 recita·

126 3563 254 3646 verint,
281 3561 523 3653 indulgentiam
557 3557 742 3632 Plenariam
767 3556 873 3630 semel
898 3556 932 3628 io
962 3555 1111 3648 quolibet
1142 3570 1276 3636 mense,
1310 3551 1366 3626 die

125 3675 395 3766 uniuscnjusque
420 3673 555 3745 arbitrio
580 3668 750 3762 eligenda,
777 3686 949 3760 quatere
978 3668 1188 3760 poenitentes
1221 3663 1366 3736 confessi

125 3806 165 3860 ac
190 3787 266 3858 Sao.
293 3784 539 3858 communione
564 3781 678 3854 relecti
703 3781 835 3864 luerint,
862 3785 895 3853 et
919 3779 1065 3870 aliquam
1089 3775 1282 3858 Ecclesiam,
1303 3793 1365 3847 sen

124 3899 299 3994 publicum
325 3898 513 3970 oratorium
539 3894 660 3967 devote
684 3892 899 3974 visitaverint,
924 3891 1038 3982 ibique
1055 3907 1116 3982 per
1132 3885 1266 3978 aliquod
1283 3891 1365 3960 tcm-

123 4013 216 4105 poris
242 4011 387 4102 spetlum
411 4011 507 4100 juxta
531 4013 679 4079 mentem
693 4003 880 4076 sanctitatis
897 4001 985 4074 Suae
1002 4001 1057 4093 pie
1073 3997 1249 4080 oraverint,
1267 4015 1364 4090 pete·

124 4131 257 4198 manter
283 4128 334 4195 est
359 4120 527 4210 elargitus.
559 4117 730 4190 Praesenti
762 4116 796 4187 in
828 4119 1027 4206 perpetuum
1061 4109 1201 4182 valituro
1234 4109 1364 4200 absque

121 4237 189 4310 olla
214 4235 332 4310 Brevis
358 4230 583 4325 expeditione.
610 4229 684 4302 Non
708 4225 918 4304 obstantibus
942 4224 978 4298 in
1002 4222 1202 4297 contrariom
1219 4218 1364 4295 iacienti-
