3130 4920
796 387 1013 453 -338-

296 525 435 620 pnrlons
461 523 608 607 valum,
634 522 763 613 nosque
788 523 853 594 nlla
877 523 993 596 Breuis
1017 520 1242 614 expeditione.
1259 521 1381 594 Datum
1400 521 1507 592 Romae

298 656 344 712 ex
367 635 550 712 Secrctniu
581 635 656 708 Sec.
681 635 953 726 congregationis
977 629 1108 726 indulg.
1133 633 1188 706 die
1214 635 1257 703 ul
1287 633 1394 705 llurtii
1418 637 1507 703 llio.

983 747 1134 838 londin
1160 746 1338 838 mnenon
1364 747 1477 818 Socrct.

834 943 995 1016 Cllllllll.

778 1084 869 1140 unum
893 1087 935 1139 ur
960 1082 1053 1140 cuuis

370 1196 457 1270 Cum
481 1195 517 1266 in
541 1194 814 1269 concessionibus
838 1193 1140 1286 indulgentiarum,
1163 1191 1319 1265 nonullae
1334 1210 1398 1286 pru
1415 1209 1514 1264 earum

296 1307 571 1400 consequutione,
597 1307 794 1398 generalitor
819 1307 942 1400 epponi
967 1305 1097 1378 soleant
1121 1304 1340 1389 conditiones,
1365 1306 1458 1397 juxta
1472 1323 1516 1376 rc·

297 1429 404 1496 torem
428 1421 560 1514 praxim
585 1425 619 1492 el
643 1419 860 1492 intentionem
881 1420 1012 1492 Summi
1029 1418 1198 1492 Pontificio
1214 1417 1440 1502 concedentis,
1455 1417 1516 1509 qui·

298 1535 364 1608 hos
387 1551 457 1607 uon
474 1531 672 1624 adimpletis,
690 1531 918 1624 indulgentiae
934 1529 1100 1625 praelatae
1116 1531 1236 1604 lucrari
1251 1529 1442 1603 nullatenus
1455 1547 1517 1624 poe

298 1653 387 1722 snut.
413 1645 612 1739 llnjusmodi
637 1652 689 1717 cst
714 1645 900 1736 niquarum
924 1642 1209 1736 lodulgenllamm
1227 1644 1414 1728 noncesdo,
1431 1657 1518 1736 quum

298 1758 536 1832 sanctissimus
548 1757 711 1830 Dominus
722 1757 1008 1830 NosterPiusPP.
1022 1757 1081 1829 llll
1095 1757 1516 1848 elargituseotcumerteu·

297 1872 393 1945 sione
417 1863 587 1968 alituum
612 1875 763 1943 octavum
788 1869 874 1942 teeti.
901 1869 987 1942 ilinc
1010 1868 1165 1942 oriuntur
1184 1867 1397 1962 infrascripto
1415 1866 1517 1948 dultia,

298 2001 386 2078 quoe
410 1983 484 2056 Suc.
510 1981 767 2075 congregationi
789 1979 1007 2073 Indulgentilo
1023 1981 1202 2072 Sec-risque
1217 1979 1382 2072 uetiqolls
1399 1995 1519 2073 praepo

298 2097 381 2170 sitae
405 2093 602 2189 explicanda
626 2103 869 2188 proponuntur.
894 2093 1057 2170 Videlicet
1084 2093 1133 2165 l.⁰
1158 2094 1212 2165 An
1237 2111 1316 2166 nrm
1341 2096 1433 2170 inter
1453 2109 1519 2164 cuc·

299 2215 390 2284 leros
414 2207 642 2283 condictiones
662 2211 910 2304 praescriptos,
937 2207 1070 2281 auditio
1098 2207 1198 2280 Socri
1224 2208 1395 2285 Solemnis
1421 2201 1520 2298 couci·

300 2327 422 2412 rulor;
447 2320 540 2396 istud
563 2342 644 2396 uero
671 2321 789 2396 dicbus
812 2323 946 2416 [niolio
970 2321 1064 2413 infru
1094 2324 1266 2402 octonem,
1294 2321 1444 2416 acceptis
1468 2318 1519 2389 do·

301 2434 513 2509 tiedrolidns
529 2436 697 2516 Ecclesiio,
713 2437 775 2507 vic
791 2435 888 2515 olibi,
900 2433 1108 2526 praesertim
1122 2431 1208 2504 Ruri
1224 2433 1396 2504 colcornn·
1412 2431 1521 2514 seleon

300 2547 539 2638 indulgentiae
565 2546 631 2620 duc
649 2547 767 2620 diodus
793 2547 888 2641 infru
905 2550 1064 2619 octonum
1089 2545 1233 2638 scriniis,
1255 2547 1402 2618 cocturis
1426 2540 1521 2616 condi

301 2659 448 2734 tionibus
473 2657 680 2750 adimpletis,
707 2657 884 2731 anditione
909 2659 1014 2731 elium
1040 2658 1163 2730 ilicem
1188 2655 1307 2739 lectae,
1335 2661 1371 2730 et
1395 2675 1463 2728 non
1483 2672 1522 2725 oo

301 2772 420 2845 lemme
446 2770 609 2863 lucrifieri
629 2770 793 2862 nonnil.

376 2887 439 2954 2¹¹¹
464 2883 519 2954 dn
543 2899 588 2954 ec
611 2883 796 2956 intentione
823 2882 1039 2984 concedentis
1051 2901 1117 2975 per
1143 2881 1299 2954 Sulcum
1325 2877 1522 2968 sonnnjn

300 2999 366 3068 ctu
391 2995 616 3088 Lytnrgislos,
639 2997 785 3070 Sacrum
801 3013 878 3068 con
895 2995 1203 3089 thurificationibus
1219 2999 1251 3068 ct
1268 2995 1468 3068 contortus
1482 2991 1521 3064 ln·

301 3104 410 3200 tutent
435 3105 643 3208 doleat?

378 3225 439 3292 3ιιι
465 3223 521 3294 ln
547 3223 693 3296 socrum
724 3205 909 3296 dentulum
937 3224 1043 3314 procl
1068 3221 1191 3292 llori
1174 3239 1216 3293 tn
1239 3207 1403 3294 Ecclesiis
1430 3221 1521 3294 Poro

303 3331 472 3410 elicitum
498 3333 615 3410 diebos
639 3335 798 3417 Domini,
821 3338 852 3408 et
868 3335 959 3427 festis
984 3333 1111 3424 obcunte
1131 3331 1322 3502 praedictio
1348 3333 1521 3408 ritilton·

304 3446 433 3520 lebrun'
471 3447 556 3528 solet
579 3445 748 3538 sufficiet?
871 3489 874 3496 .

377 3563 440 3632 lem
467 3557 533 3644 Qui
556 3557 600 3632 sit
624 3577 726 3652 super
751 3557 803 3632 dic
828 3561 957 3632 Romae
982 3577 1096 3632 senus
1121 3561 1158 3632 et
1178 3577 1268 3650 quac
1292 3553 1513 3634 conncnodol

374 3666 503 3742 liudem
527 3669 560 3741 S
587 3669 810 3762 congregatio
830 3671 955 3747 audilis
980 3669 1215 3744 consultorum
1241 3669 1350 3755 Votis,
1368 3677 1405 3746 ut
1420 3688 1456 3742 re
1469 3683 1524 3738 mu

179 3768 188 3776 ’
302 3786 377 3856 ture
401 3797 578 3873 perpense,
603 3781 777 3874 respondit

377 3891 430 3965 lid
458 3897 520 3964 ΗΠ
543 3893 711 3985 Negatiue,
738 3901 771 3967 et
795 3894 1038 3968 consulendum
1064 3895 1281 3988 §nouissimo
1305 3913 1372 3989 pro
1398 3891 1524 3968 decom

305 4005 405 4089 tione,
432 4006 484 4078 vel
510 4005 706 4080 extensione
731 4008 902 4100 oppositae
928 4007 1154 4092 condictionis,
1182 4007 1225 4082 ed
1247 4008 1371 4084 Missae
1387 4005 1504 4084 lmus
1497 4019 1524 4074 n

305 4115 462 4307 misor
468 4117 624 4192 llcclestts
650 4125 683 4191 et
707 4119 805 4203 locis,
832 4120 866 4191 in
892 4119 1015 4211 quibui
1039 4119 1139 4194 llteeo
1164 4115 1242 4196 cum
1267 4126 1372 4236 uentu
1396 4137 1463 4195 nou
1482 4131 1524 4190 cu

380 4337 432 4415 td
456 4339 520 4412 2¹⁰
544 4339 796 4417 consulendum
820 4343 1047 4419 sanctissimo.
