3270 4920
1046 284 1049 298 '
1166 270 1172 279 ’
1275 307 1444 392 eta„

191 459 262 502 curn
283 439 407 504 Tabulis
427 439 519 533 pictis
538 437 762 522 suspendantur
777 437 808 502 in
818 439 891 502 locis
914 437 1067 520 praefixis,
1082 447 1113 502 ct
1128 457 1179 500 ea·

193 539 262 582 rum
282 518 454 582 benedictio
480 519 532 580 liat
556 540 573 582 a
600 518 764 584 Sacerdote
791 539 939 584 converso
967 518 1004 580 sd
1033 539 1083 582 eas
1111 528 1181 582 onte

193 602 351 664 ammi.
431 646 443 668 .,
521 644 894 664 .....
951 601 1380 663 ..·.:»t›·0⁴ooo

130 681 301 742 Solvuntur
321 679 414 742 dubia
435 682 514 744 cirea
535 680 694 744 facultates
715 679 853 760 erigendi
875 680 1025 742 stationes
1067 723 1076 741 .
1160 702 1177 740 ιι
1220 681 1379 754 bonuau

131 761 214 837 Quid
235 779 290 840 per
309 763 395 838 Ιιιιιι,
424 760 460 823 io
486 759 598 840 quibus
620 763 702 822 Orda
729 763 804 822 Min.
832 761 957 824 obsera
980 779 1042 824 ιιιιιι
1067 757 1180 823 existit
1251 787 1253 792 ·

184 840 429 920 »intelligendum
448 842 489 903 sit
509 859 562 921 pro
584 841 738 903 erectione
765 841 841 902 Viae
860 841 983 916 Crucis,
1004 858 1042 900 aa
1063 841 1180 902 intelli·
1254 863 1257 870 ¹

195 921 295 1000 gendo
315 921 356 982 sit
375 922 509 997 Parccir,
530 922 579 984 vel
600 922 775 998 Diocccsisq
789 918 838 982 vel
857 920 1013 982 Dioecesis
1035 920 1118 1000 pars?
1162 939 1178 979 ιι
1204 920 1279 982 585
1321 922 1379 983 ota

133 1003 181 1063 Αιι
202 1018 266 1079 per.
279 1001 436 1062 termulam
459 1000 610 1082 Rescripti
631 1011 792 1068 censeatur
812 999 998 1081 prohibitum
1016 1000 1178 1081 quominus

193 1081 250 1143 Via
272 1083 376 1144 Crucis
392 1083 531 1162 erigatur
544 1082 791 1144 extrabeclesias
806 1082 870 1142 sive
885 1081 1023 1162 publicas
1038 1082 1102 1141 sive
1114 1081 1176 1160 pri·

194 1171 280 1222 vatus
301 1172 335 1228 ut
356 1161 386 1221 in
408 1161 613 1240 coemeteriis,
628 1161 677 1224 vel
693 1163 723 1222 in
738 1161 896 1238 claustris3
911 1173 944 1222 et
956 1180 993 1222 an
1009 1159 1066 1222 sub
1081 1179 1177 1240 poena
1261 1217 1276 1232 ,,
1323 1209 1328 1216 .

197 1241 344 1303 nullitatis
366 1254 535 1322 apponatur
548 1242 699 1304 facultatis
713 1240 894 1302 delirnitutio
905 1240 942 1302 ad
955 1243 1018 1303 loca
1032 1239 1085 1316 ubi
1098 1241 1179 1302 Ordo
1366 1305 1370 1311 ,

197 1321 267 1382 blin.
289 1339 351 1382 non
372 1324 488 1384 existit?
518 1365 896 1385 .....
904 1359 908 1366 ·
979 1364 987 1382 .
1070 1364 1079 1381 .
1163 1342 1180 1380 ιι
1203 1320 1278 1383 ibid.
1301 1319 1374 1384 ibid.

132 1403 180 1463 An
203 1395 309 1463 fideles
322 1402 479 1466 lucrentur
490 1401 697 1484 Indulgentiae
709 1400 873 1463 dummodo
887 1402 1039 1466 stationes
1054 1401 1180 1466 visitent
1300 1461 1303 1468 .

194 1480 225 1542 in
247 1500 308 1542 uno
329 1480 567 1563 eodemquedie
588 1486 678 1546 etiam
699 1500 759 1544 non
781 1499 842 1544 unc
864 1492 973 1560 tractu,
994 1481 1049 1544 sed
1071 1481 1176 1562 majori

195 1561 244 1622 rel
265 1562 373 1622 minori
396 1563 554 1625 intervallo
576 1562 804 1644 interpositol.
887 1597 896 1622 ι
979 1581 1011 1626 .·
1069 1605 1076 1620 .
1160 1559 1279 1624 aueo
1319 1563 1378 1627 olo
1493 1597 1497 1602 ·

133 1643 180 1704 An
205 1642 244 1702 tt
265 1652 380 1704 tantum
389 1645 485 1706 Peter
498 1653 530 1706 et
543 1644 615 1720 Aue,
629 1653 660 1707 et
674 1646 782 1706 iterum
797 1642 932 1722 quinque
951 1644 1052 1705 Peter
1073 1649 1104 1704 ct
1119 1643 1179 1704 doe
1301 1711 1302 1725 χ

195 1721 343 1782 recitandi
364 1723 427 1784 sint
447 1723 485 1784 ab
506 1723 647 1800 infirmis,
670 1735 701 1785 et
721 1723 856 1802 legitime
879 1720 1031 1802 impeditis
1053 1721 1179 1784 visitan-
1304 1751 1306 1758 ·

195 1800 275 1862 tibus
298 1804 384 1864 Viam
399 1804 503 1866 Crucis
518 1823 586 1865 cum
606 1803 757 1867 Crucilixo
772 1801 808 1866 di
823 1806 925 1866 ottone
939 1801 1115 1877 benedicto,
1130 1804 1178 1866 vel

194 1884 234 1942 20
254 1884 350 1945 Peter
360 1894 391 1944 et
402 1886 462 1946 Aee
473 1883 594 1946 recitari
608 1884 751 1962 debcant3
768 1894 849 1946 etan
863 1882 1057 1965 perverbum
1074 1886 1178 1946 ottone

193 1962 314 2024 esclusa
330 1963 498 2043 reputanda
512 1962 552 2025 sit
566 1983 774 2045 quaecumque
789 1965 846 2026 alia
862 1962 1000 2026 materia?
1063 2007 1072 2027 .
1155 1985 1172 2023 ι
1216 1965 1273 2026 555
1315 1965 1375 2026 585

397 2067 498 2153 ιιιιιιι.
515 2099 560 2153 oe
578 2097 817 2155 innocentium
834 2083 983 2154 conranni

131 2209 179 2272 An
200 2209 232 2272 in
253 2211 426 2290 Septcmnie
448 2211 497 2274 vel
518 2212 578 2273 alio
598 2210 731 2274 breviori
753 2213 801 2273 vel
823 2205 959 2292 longiori
981 2221 1115 2290 tempore
1140 2209 1171 2272 in
1270 2272 1272 2278 ,
1295 2278 1301 2288 Ι

193 2291 342 2358 llrevibus
362 2292 529 2372 praescribi
551 2292 641 2354 solito
662 2301 852 2374 computetur
871 2296 976 2354 Annus
992 2291 1174 2354 universalis
1242 2329 1245 2336 ,
1368 2315 1371 2322 ⁴

193 2370 341 2433 tubilacil
427 2391 453 2432 ‚¹
565 2393 571 2408 ·
1062 2413 1070 2430 .
1154 2371 1272 2432 »159
1314 2371 1373 2432 182

130 2448 401 2514 Solvunturdubia
413 2454 491 2514 circs
504 2453 674 2516 Clausulam
685 2453 853 2534 appositam
866 2452 896 2512 in
909 2452 993 2514 Bulla
1005 2449 1136 2514 Jubiiaei
1153 2470 1169 2508 ι
1213 2452 1268 2524 lll
1317 2449 1376 2516 186

131 2539 179 2595 An
200 2531 233 2592 in
247 2541 318 2593 casu
329 2533 470 2612 quoquis
482 2533 611 2614 peractis
624 2541 682 2594 uria
694 2531 1091 2612 bebdom'adapraescriptis
1106 2547 1178 2611 opo·
1263 2579 1268 2592 .
1314 2569 1316 2578 .

192 2610 291 2687 ribus,
313 2611 503 2675 inabsolutus
525 2615 697 2675 remittatur
717 2614 755 2675 ad
776 2613 859 2674 aliud
883 2624 1016 2692 tempus,
1040 2620 1177 2680 teneatur

196 2693 247 2754 ille
269 2709 347 2771 quae
368 2695 486 2774 peregit
506 2703 640 2773 tempore
662 2692 792 2756 lubilaei
814 2711 904 2832 opera
926 2703 1083 2772 repetere,
1105 2689 1178 2760 dum

157 2837 159 2842 ,
193 2770 368 2844 absolvetur
387 2772 424 2834 ad
445 2772 586 2835 ellectum
607 2774 743 2836 lucrandi
759 2773 828 2838 lubi
843 2774 890 2836 cei
911 2771 1131 2852 Indulgentiae?
1155 2792 1172 2829 ιι
1216 2773 1274 2834 tao
1316 2773 1375 2834 fill

131 2855 179 2916 Ao
201 2853 254 2932 qui
275 2852 479 2934 disponuntur
498 2853 536 2914 ad
557 2853 717 2916 lucrandas
737 2853 875 2917 ¹Jubilaei
896 2852 1122 2932 indulgentias,
1143 2861 1176 2912 et

197 2931 379 3014 quandoque
399 2932 439 2994 ab
459 2935 591 3013 negotia·
603 2944 741 2996 teneatur
755 2935 840 2996 exire
861 2952 878 2994 e
899 2930 965 2994 loeo
978 2933 1031 2996 ubi
1046 2950 1178 2995 mortno·

195 3011 1178 3176 llllilluttlultlelltltltuzltillet

195 3171 351 3237 labbaeo?
1164 3193 1180 3232 ιι
1202 3171 1278 3237 ibid.
1300 3171 1376 3235 ibid.

131 3256 179 3318 An
200 3253 350 3334 (tempore
368 3251 500 3318 tubilaei
520 3253 718 3332 Universalis)
732 3273 877 3335 suspensa
891 3263 1052 3316 censeatur
1071 3252 1176 3315 indul·

195 3334 297 3414 pentir
318 3334 403 3395 Pleu.
425 3333 582 3395 occasione
603 3333 826 3398 benedictionis
841 3333 1045 3414 stpiscopis
1068 3335 1178 3411 imper·

194 3412 324 3492 tiendae;
345 3433 384 3474 an
404 3414 496 3476 etiam
517 3415 598 3477 inter
611 3415 871 3494 Indulgentiarum
886 3415 1117 3493 suspensionem
1133 3414 1177 3473 lc·

193 3512 263 3555 cum
284 3503 385 3554 teneat
404 3492 594 3573 indulgentia
614 3497 696 3557 delle
717 3494 864 3572 cruciate
884 3494 1061 3574 nuncupati
1155 3486 1193 3552 ι’
1214 3494 1273 3556 555
1313 3494 1375 3555 558

131 3575 179 3637 lln
202 3573 302 3634 valida
323 3575 364 3634 sit
385 3572 518 3634 visitatio
538 3574 667 3654 alicujus
689 3577 847 3654 cappellus
869 3574 959 3654 (quae
985 3585 1085 3636 tamen
1106 3572 1180 3634 facit

194 3664 310 3735 partem
331 3652 493 3733 Ecclesiae)
514 3652 570 3735 pro
583 3653 782 3733 acquisitione
793 3654 924 3719 tubtlaat
940 3653 1060 3735 quando
1074 3653 1177 3717 lndul·

194 3733 314 3812 gentiae
335 3731 468 3796 lubilaei
490 3733 520 3794 in
542 3735 658 3797 adnexa
678 3735 812 3798 Ecclesia
834 3754 996 3800 concessae
1017 3735 1103 3797 sunt?
1158 3755 1174 3793 ι
1217 3734 1272 3796 561
1316 3732 1377 3794 lte

131 3812 265 3878 Obtentc
283 3812 422 3884 lubilceo
441 3831 496 3894 pro
516 3813 676 3877 duodecim
697 3815 805 3878 diebus
826 3815 1030 3896 incipiendae
1051 3833 1174 3894 praece-

189 3892 275 3960 denti
296 3893 385 3954 Feria
405 3895 603 3957 Vindasca
624 3895 760 3973 Domini,
781 3914 819 3957 sn
846 3893 1122 3974 comprehendatur
1142 3895 1174 3956 in

191 3971 335 4052 praelatis
356 3973 516 4035 duodecim
537 3973 647 4037 diebus
669 3977 787 4061 integra
807 3976 894 4039 Faria
915 3978 940 4037 V
961 3973 1129 4069 praedicta?
1152 3995 1169 4034 ι
1211 3974 1271 4035 sti
1312 3974 1373 4036 527

131 4057 180 4118 dn
200 4053 230 4114 in
251 4051 390 4116 lubilaeo
412 4065 476 4118 tum
500 4055 659 4119 Ordinatio
673 4067 737 4120 tum
752 4055 995 4118 Extraordinarro
1008 4053 1176 4118 servandae
1252 4083 1254 4090 1

191 4132 255 4195 sint
274 4135 408 4214 llegulee
422 4154 439 4195 a
454 4135 616 4200 Benedicta
630 4137 699 4199 xlv
716 4136 857 4215 traditae,
872 4135 984 4216 quibos
995 4155 1055 4198 non
1068 4136 1177 4199 adver·

192 4221 278 4276 eatur
298 4213 382 4278 Bulla
402 4214 548 4278 tubilaei?
613 4262 622 4280 .
704 4260 711 4276 .
793 4260 831 4280 ..
882 4260 891 4280 .
974 4261 982 4276 .
1064 4257 1073 4277 .
1155 4237 1173 4275 ιι
1212 4215 1274 4282 ttae
1314 4216 1375 4282 622
