3182 4922
615 394 662 411 -
689 361 832 429 523-
874 397 879 404 ·

110 495 234 582 fidelos,
256 497 316 588 qui
341 495 451 569 eidem
475 495 736 596 adscribuntur,¹
754 497 819 572 troo
833 497 908 571 sibi
932 497 1110 590 praecipue
1141 505 1334 584 assumunt,

107 606 260 682 reoitandi
285 626 408 702 nempe
433 609 582 701 quotidie
608 609 799 684 Orationem
815 610 1034 694 dominicam,
1051 616 1086 682 et
1098 607 1335 698 Salutationem

107 719 298 814 lngelieam
322 739 400 795 oum
417 721 582 804 versiculo
610 747 623 786 ι
643 724 677 795 S.
692 723 872 796 stancona
887 722 1029 804 Xoooi,
1048 739 1116 795 oro
1127 741 1195 816 pro
1213 723 1334 796 uoltus

105 839 135 906 ot
156 833 219 908 rite
243 836 488 928 praescriptum
512 835 650 908 obulum
676 833 952 908 hebdomadalem
978 834 1146 929 erogandi.
1175 835 1333 922 Quamvis

104 952 211 1020 autem
236 945 431 1040 hujusmodi
454 948 688 1040 eleemosynae
714 947 866 1040 elargitio,
891 947 1073 1022 admodum
1096 945 1223 1024 tenuis
1241 947 1335 1022 tasilo

102 1059 421 1142 achristifldeliltus
446 1067 548 1152 queat
571 1059 753 1150 sustineriq
779 1059 929 1133 nonnulli
954 1067 1067 1134 umen
1099 1060 1273 1142 hominnm
1292 1061 1333 1135 in

100 1168 160 1243 lrao
182 1172 407 1265 laerymarum
431 1173 517 1246 ualle
542 1179 589 1245 ea¹
606 1189 719 1246 rerum
745 1171 935 1246 conditione
959 1189 1061 1266 saepe
1086 1181 1251 1250 vexantur
1265 1191 1333 1266 qua

100 1285 254 1376 exiguam
280 1284 418 1378 quidem
443 1285 691 1378 eleemosynam
717 1284 995 1360 hebdomadalem
1027 1301 1109 1378 prae
1136 1301 1198 1358 sua
1223 1286 1350 1379 inopia.

99 1397 247 1472 oonlerre
272 1399 503 1492 prohibentur.
530 1401 640 1486 Quare
663 1397 904 1471 sanctissimus
923 1399 1086 1472 Dominus
1111 1398 1231 1472 Noster
1256 1399 1334 1475 Pius

98 1507 155 1584 PP.
169 1513 260 1596 rx„
288 1511 369 1586 dum
392 1512 529 1584 Gratias.
541 1519 584 1586 et
606 1510 832 1603 indulgentias
848 1509 918 1584 hue*
932 1511 1116 1603 usquePio
1134 1511 1238 1604 Operi
1255 1505 1333 1586 Pro·

97 1623 280 1714 pagationis
306 1623 398 1698 liidei
422 1643 441 1697 a
467 1624 537 1698 suis
563 1625 881 1698 Praedeoessorihus
906 1641 1094 1708 conomsas
1125 1630 1258 1698 seruato
1282 1630 1331 1698 ta·

98 1749 170 1809 men
196 1737 322 1829 quoad·
337 1735 521 1810 durationis
546 1741 680 1830 tempus
694 1735 901 1810 earumdem
926 1735 1181 1810 concessionum
1203 1741 1331 1823 unere,

96 1847 279 1935 ronllrmat,
306 1849 468 1924 memoria
491 1849 644 1923 recolens
668 1869 707 1923 se
721 1851 767 1931 in
782 1850 879 1923 terris
896 1849 986 1924 uiues
1003 1867 1119 1942 gerere
1136 1849 1244 1926 nivini
1265 1851 1330 1924 lte-

95 1963 254 2052 paratoris
281 1961 420 2038 humani
445 1964 589 2055 generis
614 1963 763 2054 quihus
788 1963 822 2034 in
848 1963 986 2048 mundo,
1013 1969 1047 2036 et
1072 1963 1227 2056 exemplo
1246 1982 1330 2057 pau·

94 2076 226 2165 portatis
252 2075 415 2149 cultorem
440 2095 478 2148 se
504 2075 672 2159 exhibuit,
699 2081 732 2146 et
757 2074 869 2147 verbis
902 2081 1144 2167 paupertatem.
1162 2093 1239 2148 oum
1265 2076 1330 2148 uir·

93 2191 159 2259 tute
182 2189 399 2280 eonjunotam
424 2188 459 2262 in
484 2189 612 2260 honore
633 2187 741 2260 -voluit
757 2186 891 2270 'haberi
918 2186 1112 2277 hujusmodi
1128 2203 1220 2260 ‘vere
1246 2206 1330 2278 pau·

94 2299 226 2388 peribus
252 2298 534 2374 christifidelibus
558 2298 726 2372 Eoelesiae
752 2298 928 2371 thesauros
943 2298 1099 2391 apernit,
1125 2317 1164 2370 ao
1195 2306 1329 2392 propte·

93 2429 145 2484 rea
166 2415 356 2486 elementer
381 2409 527 2498 indulsit,
554 2419 591 2484 ut
616 2413 644 2484 si
670 2411 728 2502 qui
754 2409 991 2483 christifideles
1008 2411 1051 2482 ita
1068 2429 1233 2504 pauperes
1250 2411 1328 2495 sint,

92 2530 126 2595 nt
148 2525 433 2599 hebdomadalem
446 2525 584 2597 obulum
603 2524 740 2596 omnino
757 2529 926 2613 nequeant
942 2522 1071 2614 elargiri
1088 2522 1201 2614 (quod
1214 2524 1331 2596 unius·

92 2637 254 2730 mjusque
281 2637 503 2710 eonscientiae
528 2633 766 2708 remittendum
791 2651 866 2708 esse
892 2634 1087 2722 mandavit)
1119 2636 1243 2710 etrite
1268 2635 1327 2710 ad·

91 2745 188 2821 stubi
213 2749 348 2842 possint
373 2749 459 2821 inter
484 2747 640 2829 sodales,
666 2746 719 2819 vel
742 2747 811 2838 jam
837 2746 1014 2840 adscripti,
1041 2745 1186 2840 sodqut
1200 2749 1245 2821 -in
1269 2768 1329 2842 po·

91 2865 219 2936 aterum
244 2861 282 2934 id
305 2867 475 2954 praestare
500 2877 571 2932 non
593 2865 742 2952 possent,
769 2865 940 2950 tamqnam
957 2859 1090 2932 sodales
1115 2859 1327 2934 omnino-ha·-

90 2971 250 3058 beantur,
277 2973 323 3046 ita
348 2980 386 3046 ut
405 2973 567 3046 omnibus
599 2971 814 3063 lndrrlgentiis
840 2977 873 3044 et
898 2972 1017 3044 Gratiis
1041 2971 1133 3046 Fidei
1162 2969 1327 3066 Propaga-

91 3081 186 3158 tionis
212 3083 395 3158 Sodalibus
421 3083 783 3167 conoessisirnantur,
809 3081 992 3154 dummodo
1017 3089 1129 3156 umen
1155 3082 1327 3178 quidpiam
1444 3153 1446 3163 ,

2 3227 3 3230 ¹
89 3199 261 3286 omuniae,
290 3197 389 3270 etiarn
410 3195 450 3268 in
475 3195 613 3268 minima
638 3195 831 3286 quantitate,
848 3194 943 3284 jusu
957 3194 1221 3285 untnsonjnsqna
1238 3197 1327 3268 vires

89 3313 121 3380 at
144 3309 398 3394 oonsdentiam,
423 3309 542 3382 saltem
568 3307 717 3399 quolibet
740 3321 868 3389 mense,
886 3306 1065 3380 societatis
1078 3306 1326 3398 propagationis

90 3417 179 3494 Fidei
205 3421 461 3507 collectoribus,
479 3419 722 3512 usquedumin
738 3419 803 3492 hoo
819 3435 918 3492 uerae
935 3418 1138 3512 paupertatis
1155 3424 1242 3491 statn
1258 3433 1327 3492 ma·

88 3541 196 3621 noant
225 3537 438 3628 elargiantnr‚
465 3533 735 3626 quibuscumque
751 3533 786 3603 in
803 3531 1005 3604 eontrarium
1020 3530 1324 3606 nonobstantibus.

87 3645 264 3722 Caeterum
290 3647 373 3722 dum
399 3647 563 3720 Sanditas
587 3647 654 3718 Sua
668 3645 744 3716 :hoo
768 3643 902 3736 speciali
926 3643 1069 3717 Deoreto
1094 3641 1261 3718 oonsnloit
1277 3659 1325 3743 ne

91 3757 286 3853 hujusmodi
303 3779 383 3836 vere
399 3776 567 3866 pauperes
591 3755 829 3834 curistindeies
854 3757 974 3830 Gratiis
1000 3773 1038 3828 ae
1055 3757 1128 3829 Sao.
1149 3755 1325 3846 indulgen·

86 3871 206 3948 tiarum
232 3875 392 3948 thesauro
416 3873 601 3965 priventur,
626 3885 788 3960 expresse
813 3868 911 3942 etiam
937 3867 1116 3952 mandavit,
1143 3873 1180 3940 ut
1205 3863 1324 3940 ornnes¹

87 3990 251 4060 terrarum
278 3985 377 4058 Orbis
402 3981 641 4057 christifideles
666 3979 772 4072 magis
796 3979 971 4072 magisque
995 3978 1030 4051 in
1062 3977 1204 4051 Domino
1231 3975 1323 4050 enoi-

86 4103 206 4184 tentur‚
232 4097 412 4192 praecipua
426 4102 537 4170 autern
563 4095 595 4178 ii,
622 4109 707 4184 qnos
723 4092 889 4165 honorum
906 4091 1055 4165 omniun
1072 4091 1205 4183 largitor
1230 4091 1322 4162 Dens

87 4208 227 4286 tuunls
253 4229 292 4286 ao
316 4208 481 4286 reditium
505 4205 734 4298 locupletarit,
759 4205 882 4296 singuli
908 4209 1018 4276 auum
1044 4220 1105 4296 pro
1132 4219 1249 4276 eorum
1273 4199 1322 4274 vi·

85 4321 185 4412 nnus,
212 4331 252 4399 nt
274 4324 353 4418 piae
375 4321 454 4396 uuio
479 4317 634 4394 societni
658 4333 782 4392 nomen
806 4315 887 4392 dare
911 4315 1161 4412 quamprimum
1186 4311 1318 4390 solliciti
