<?xml version="1.0" encoding="UTF-8"?>
<!DOCTYPE html PUBLIC "-//W3C//DTD XHTML 1.0 Transitional//EN"
    "http://www.w3.org/TR/xhtml1/DTD/xhtml1-transitional.dtd">
<html xmlns="http://www.w3.org/1999/xhtml" xml:lang="en" lang="en">
 <head>
  <title>
</title>
<meta http-equiv="Content-Type" content="text/html;charset=utf-8" />
  <meta name='ocr-system' content='tesseract 3.04.00' />
  <meta name='ocr-capabilities' content='ocr_page ocr_carea ocr_par ocr_line ocrx_word'/>
</head>
<body>
  <div class='ocr_page' id='page_1' title='image "./resolutionesseu00pringoog_0369.png"; bbox 0 0 3130 4920; ppageno 0'>
   <div class='ocr_carea' id='block_1_1' title="bbox 243 333 1479 566">
    <p class='ocr_par' dir='ltr' id='par_1_1' title="bbox 243 333 1479 566">
     <span class='ocr_line' id='line_1_1' title="bbox 749 333 966 402; baseline -0.009 0"><span class='ocrx_word' id='word_1_1' title='bbox 749 361 796 384; x_wconf 92' lang='lat'>··</span> <span class='ocrx_word' id='word_1_2' title='bbox 823 333 893 402; x_wconf 77' lang='lat' dir='ltr'>ool</span> <span class='ocrx_word' id='word_1_3' title='bbox 920 361 966 382; x_wconf 90' lang='lat'>···</span> 
     </span>
     <span class='ocr_line' id='line_1_2' title="bbox 243 466 1479 566; baseline -0.004 -21"><span class='ocrx_word' id='word_1_4' title='bbox 243 487 305 566; x_wconf 91' lang='lat' dir='ltr'>per</span> <span class='ocrx_word' id='word_1_5' title='bbox 329 477 607 564; x_wconf 78' lang='lat' dir='ltr'>unumquemque</span> <span class='ocrx_word' id='word_1_6' title='bbox 632 467 900 544; x_wconf 85' lang='lat' dir='ltr'>luorllaeloudam</span> <span class='ocrx_word' id='word_1_7' title='bbox 926 467 1072 560; x_wconf 87' lang='lat' dir='ltr'>benigue</span> <span class='ocrx_word' id='word_1_8' title='bbox 1103 466 1138 539; x_wconf 91' lang='lat' dir='ltr'>ln</span> <span class='ocrx_word' id='word_1_9' title='bbox 1170 469 1372 560; x_wconf 86' lang='lat' dir='ltr'>perpetuum</span> <span class='ocrx_word' id='word_1_10' title='bbox 1396 481 1479 540; x_wconf 90' lang='lat' dir='ltr'>oon-</span> 
     </span>
    </p>
   </div>
   <div class='ocr_carea' id='block_1_2' title="bbox 91 573 1481 675">
    <p class='ocr_par' dir='ltr' id='par_1_2' title="bbox 91 573 1481 675">
     <span class='ocr_line' id='line_1_3' title="bbox 91 573 1481 675; baseline -0.006 -16"><span class='ocrx_word' id='word_1_11' title='bbox 91 593 92 598; x_wconf 67' lang='lat'>‘</span> <span class='ocrx_word' id='word_1_12' title='bbox 243 583 344 658; x_wconf 78' lang='lat' dir='ltr'><strong>cessit</strong></span> <span class='ocrx_word' id='word_1_13' title='bbox 368 583 498 675; x_wconf 83' lang='lat' dir='ltr'>absque</span> <span class='ocrx_word' id='word_1_14' title='bbox 523 583 589 656; x_wconf 92' lang='lat' dir='ltr'>ulla</span> <span class='ocrx_word' id='word_1_15' title='bbox 614 583 728 656; x_wconf 82' lang='lat' dir='ltr'>Breuis</span> <span class='ocrx_word' id='word_1_16' title='bbox 754 579 978 675; x_wconf 73' lang='lat' dir='ltr'>expeditione,</span> <span class='ocrx_word' id='word_1_17' title='bbox 997 587 1030 654; x_wconf 89' lang='lat' dir='ltr'>st</span> <span class='ocrx_word' id='word_1_18' title='bbox 1047 597 1125 654; x_wconf 89' lang='lat' dir='ltr'>oum</span> <span class='ocrx_word' id='word_1_19' title='bbox 1142 573 1297 653; x_wconf 73' lang='lat' dir='ltr'>facultate</span> <span class='ocrx_word' id='word_1_20' title='bbox 1321 577 1481 653; x_wconf 88' lang='lat' dir='ltr'>eamdem</span> 
     </span>
    </p>
   </div>
   <div class='ocr_carea' id='block_1_3' title="bbox 239 687 1481 1013">
    <p class='ocr_par' dir='ltr' id='par_1_3' title="bbox 239 687 1481 1013">
     <span class='ocr_line' id='line_1_4' title="bbox 240 687 1481 789; baseline -0.003 -20"><span class='ocrx_word' id='word_1_21' title='bbox 240 693 492 789; x_wconf 78' lang='lat' dir='ltr'>mongontiam-</span> <span class='ocrx_word' id='word_1_22' title='bbox 507 693 542 769; x_wconf 87' lang='lat' dir='ltr'>in</span> <span class='ocrx_word' id='word_1_23' title='bbox 562 689 759 788; x_wconf 84' lang='lat' dir='ltr'>sudreglum</span> <span class='ocrx_word' id='word_1_24' title='bbox 775 687 925 768; x_wconf 82' lang='lat' dir='ltr'>fidelium</span> <span class='ocrx_word' id='word_1_25' title='bbox 943 690 1395 786; x_wconf 78' lang='lat' dir='ltr'>detunctorum&#39;applioaudi.</span> <span class='ocrx_word' id='word_1_26' title='bbox 1413 691 1481 765; x_wconf 82' lang='lat' dir='ltr'>llo</span> 
     </span>
     <span class='ocr_line' id='line_1_5' title="bbox 239 804 1481 901; baseline -0.005 -19"><span class='ocrx_word' id='word_1_27' title='bbox 239 808 368 901; x_wconf 84' lang='lat' dir='ltr'>luitque</span> <span class='ocrx_word' id='word_1_28' title='bbox 393 808 556 882; x_wconf 85' lang='lat' dir='ltr'>Sanctitas</span> <span class='ocrx_word' id='word_1_29' title='bbox 586 809 654 882; x_wconf 90' lang='lat' dir='ltr'>Sua</span> <span class='ocrx_word' id='word_1_30' title='bbox 686 814 724 882; x_wconf 93' lang='lat' dir='ltr'>ut</span> <span class='ocrx_word' id='word_1_31' title='bbox 756 807 925 900; x_wconf 89' lang='lat' dir='ltr'>praelatus</span> <span class='ocrx_word' id='word_1_32' title='bbox 956 805 1088 879; x_wconf 89' lang='lat' dir='ltr'>libellus</span> <span class='ocrx_word' id='word_1_33' title='bbox 1113 805 1214 898; x_wconf 87' lang='lat' dir='ltr'>gratis</span> <span class='ocrx_word' id='word_1_34' title='bbox 1245 811 1279 878; x_wconf 90' lang='lat' dir='ltr'>et</span> <span class='ocrx_word' id='word_1_35' title='bbox 1310 805 1384 878; x_wconf 91' lang='lat' dir='ltr'>siue</span> <span class='ocrx_word' id='word_1_36' title='bbox 1409 804 1481 877; x_wconf 93' lang='lat' dir='ltr'>ullo</span> 
     </span>
     <span class='ocr_line' id='line_1_6' title="bbox 240 915 1481 1013; baseline -0.003 -21"><span class='ocrx_word' id='word_1_37' title='bbox 240 939 379 1013; x_wconf 90' lang='lat' dir='ltr'>prorsus</span> <span class='ocrx_word' id='word_1_38' title='bbox 405 921 631 994; x_wconf 89' lang='lat' dir='ltr'>emolumento</span> <span class='ocrx_word' id='word_1_39' title='bbox 656 920 884 993; x_wconf 82' lang='lat' dir='ltr'>distribuatur.</span> <span class='ocrx_word' id='word_1_40' title='bbox 918 919 1039 992; x_wconf 68' lang='lat' dir='ltr'>Duum</span> <span class='ocrx_word' id='word_1_41' title='bbox 1064 919 1191 991; x_wconf 87' lang='lat' dir='ltr'>Romae</span> <span class='ocrx_word' id='word_1_42' title='bbox 1222 935 1267 990; x_wconf 82' lang='lat' dir='ltr'>ex</span> <span class='ocrx_word' id='word_1_43' title='bbox 1292 915 1481 1002; x_wconf 79' lang='lat' dir='ltr'>secretaria</span> 
     </span>
    </p>
   </div>
   <div class='ocr_carea' id='block_1_4' title="bbox 239 1028 1441 1218">
    <p class='ocr_par' dir='ltr' id='par_1_4' title="bbox 239 1028 1441 1218">
     <span class='ocr_line' id='line_1_7' title="bbox 239 1028 1441 1192; baseline -0.004 -87"><span class='ocrx_word' id='word_1_44' title='bbox 239 1033 313 1108; x_wconf 83' lang='lat' dir='ltr'>Sao.</span> <span class='ocrx_word' id='word_1_45' title='bbox 340 1032 611 1192; x_wconf 81' lang='lat' dir='ltr'>congregationis</span> <span class='ocrx_word' id='word_1_46' title='bbox 636 1031 921 1124; x_wconf 85' lang='lat' dir='ltr'>indulgentiarum</span> <span class='ocrx_word' id='word_1_47' title='bbox 948 1030 1002 1104; x_wconf 91' lang='lat' dir='ltr'>die</span> <span class='ocrx_word' id='word_1_48' title='bbox 1031 1035 1076 1102; x_wconf 83' lang='lat' dir='ltr'>l8</span> <span class='ocrx_word' id='word_1_49' title='bbox 1101 1028 1301 1103; x_wconf 81' lang='lat' dir='ltr'>Nouembris</span> <span class='ocrx_word' id='word_1_50' title='bbox 1330 1031 1441 1101; x_wconf 72' lang='grc'><strong>1826.</strong></span> 
     </span>
     <span class='ocr_line' id='line_1_8' title="bbox 624 1141 1385 1218; baseline -0.011 2"><span class='ocrx_word' id='word_1_51' title='bbox 624 1173 628 1180; x_wconf 71' lang='grc'><strong><em>’</em></strong></span> <span class='ocrx_word' id='word_1_52' title='bbox 905 1143 958 1218; x_wconf 83' lang='lat' dir='ltr'>ll.</span> <span class='ocrx_word' id='word_1_53' title='bbox 973 1143 1077 1216; x_wconf 82' lang='lat' dir='ltr'>Creo.</span> <span class='ocrx_word' id='word_1_54' title='bbox 1103 1143 1236 1215; x_wconf 79' lang='lat' dir='ltr'>Fuesuu</span> <span class='ocrx_word' id='word_1_55' title='bbox 1260 1141 1385 1214; x_wconf 82' lang='lat' dir='ltr'>Pnaur</span> 
     </span>
    </p>
   </div>
   <div class='ocr_carea' id='block_1_5' title="bbox 826 1253 1482 1350">
    <p class='ocr_par' dir='ltr' id='par_1_5' title="bbox 826 1253 1482 1350">
     <span class='ocr_line' id='line_1_9' title="bbox 826 1253 1482 1350; baseline -0.003 -21"><span class='ocrx_word' id='word_1_56' title='bbox 826 1257 867 1329; x_wconf 83' lang='grc' dir='ltr'>Α.</span> <span class='ocrx_word' id='word_1_57' title='bbox 893 1255 1052 1350; x_wconf 77' lang='lat' dir='ltr'>lroliep.</span> <span class='ocrx_word' id='word_1_58' title='bbox 1083 1254 1325 1349; x_wconf 79' lang='lat' dir='ltr'>trapezuntio.</span> <span class='ocrx_word' id='word_1_59' title='bbox 1354 1253 1482 1327; x_wconf 84' lang='lat' dir='ltr'>Secrel.</span> 
     </span>
    </p>
   </div>
   <div class='ocr_carea' id='block_1_6' title="bbox 774 1479 944 1555">
    <p class='ocr_par' dir='ltr' id='par_1_6' title="bbox 774 1479 944 1555">
     <span class='ocr_line' id='line_1_10' title="bbox 774 1479 944 1555; baseline -0.006 0"><span class='ocrx_word' id='word_1_60' title='bbox 774 1479 944 1555; x_wconf 84' lang='lat' dir='ltr'>uoxuvl.</span> 
     </span>
    </p>
   </div>
   <div class='ocr_carea' id='block_1_7' title="bbox 811 1699 967 1760">
    <p class='ocr_par' dir='ltr' id='par_1_7' title="bbox 811 1699 967 1760">
     <span class='ocr_line' id='line_1_11' title="bbox 811 1699 967 1760; baseline 0.051 -8"><span class='ocrx_word' id='word_1_61' title='bbox 811 1699 967 1760; x_wconf 65' lang='lat' dir='ltr'>umis.</span> 
     </span>
    </p>
   </div>
   <div class='ocr_carea' id='block_1_8' title="bbox 236 1813 1485 2364">
    <p class='ocr_par' dir='ltr' id='par_1_8' title="bbox 236 1813 1485 2364">
     <span class='ocr_line' id='line_1_12' title="bbox 311 1813 1484 1911; baseline 0.001 -19"><span class='ocrx_word' id='word_1_62' title='bbox 311 1815 548 1902; x_wconf 81' lang='lat' dir='ltr'>sanctissimus</span> <span class='ocrx_word' id='word_1_63' title='bbox 563 1819 726 1894; x_wconf 83' lang='lat' dir='ltr'>Dominus</span> <span class='ocrx_word' id='word_1_64' title='bbox 741 1819 862 1894; x_wconf 88' lang='lat' dir='ltr'>Noster</span> <span class='ocrx_word' id='word_1_65' title='bbox 878 1819 946 1892; x_wconf 83' lang='lat' dir='ltr'>Leo</span> <span class='ocrx_word' id='word_1_66' title='bbox 961 1818 1026 1890; x_wconf 85' lang='lat' dir='ltr'>PP.</span> <span class='ocrx_word' id='word_1_67' title='bbox 1045 1817 1106 1890; x_wconf 92' lang='lat' dir='ltr'>llll</span> <span class='ocrx_word' id='word_1_68' title='bbox 1125 1813 1283 1891; x_wconf 88' lang='lat' dir='ltr'>omuibus</span> <span class='ocrx_word' id='word_1_69' title='bbox 1300 1817 1484 1911; x_wconf 80' lang='lat' dir='ltr'>utriusque</span> 
     </span>
     <span class='ocr_line' id='line_1_13' title="bbox 237 1930 1485 2024; baseline -0.002 -18"><span class='ocrx_word' id='word_1_70' title='bbox 237 1951 341 2010; x_wconf 81' lang='lat' dir='ltr'>sexus</span> <span class='ocrx_word' id='word_1_71' title='bbox 366 1930 647 2006; x_wconf 77' lang='lat' dir='ltr'>christifidelibus</span> <span class='ocrx_word' id='word_1_72' title='bbox 672 1933 790 2005; x_wconf 84' lang='lat' dir='ltr'>Saoras</span> <span class='ocrx_word' id='word_1_73' title='bbox 815 1931 1030 2015; x_wconf 83' lang='lat' dir='ltr'>visitationes,</span> <span class='ocrx_word' id='word_1_74' title='bbox 1039 1937 1109 2003; x_wconf 92' lang='lat' dir='ltr'>toto</span> <span class='ocrx_word' id='word_1_75' title='bbox 1125 1937 1276 2022; x_wconf 90' lang='lat' dir='ltr'>tempore</span> <span class='ocrx_word' id='word_1_76' title='bbox 1294 1930 1485 2024; x_wconf 71' lang='lat' dir='ltr'>managa</span> 
     </span>
     <span class='ocr_line' id='line_1_14' title="bbox 238 2039 1484 2128; baseline -0.002 -10"><span class='ocrx_word' id='word_1_77' title='bbox 238 2043 346 2118; x_wconf 84' lang='lat' dir='ltr'>elmeli</span> <span class='ocrx_word' id='word_1_78' title='bbox 370 2050 509 2127; x_wconf 82' lang='lat' dir='ltr'>tantum</span> <span class='ocrx_word' id='word_1_79' title='bbox 538 2043 658 2118; x_wconf 87' lang='lat' dir='ltr'>eodem</span> <span class='ocrx_word' id='word_1_80' title='bbox 683 2041 795 2128; x_wconf 88' lang='lat' dir='ltr'>modo,</span> <span class='ocrx_word' id='word_1_81' title='bbox 813 2051 847 2117; x_wconf 90' lang='lat' dir='ltr'>et</span> <span class='ocrx_word' id='word_1_82' title='bbox 863 2043 969 2116; x_wconf 89' lang='lat' dir='ltr'>lorma</span> <span class='ocrx_word' id='word_1_83' title='bbox 986 2048 1024 2116; x_wconf 95' lang='lat' dir='ltr'>ut</span> <span class='ocrx_word' id='word_1_84' title='bbox 1039 2041 1123 2115; x_wconf 86' lang='lat' dir='ltr'>inira</span> <span class='ocrx_word' id='word_1_85' title='bbox 1140 2041 1240 2114; x_wconf 86' lang='lat' dir='ltr'>eorde</span> <span class='ocrx_word' id='word_1_86' title='bbox 1257 2039 1378 2116; x_wconf 84' lang='lat' dir='ltr'>saltem</span> <span class='ocrx_word' id='word_1_87' title='bbox 1398 2059 1484 2115; x_wconf 88' lang='lat' dir='ltr'>oon·</span> 
     </span>
     <span class='ocr_line' id='line_1_15' title="bbox 237 2149 1484 2250; baseline 0 -20"><span class='ocrx_word' id='word_1_88' title='bbox 237 2157 314 2234; x_wconf 86' lang='lat' dir='ltr'>trito</span> <span class='ocrx_word' id='word_1_89' title='bbox 328 2163 362 2232; x_wconf 87' lang='lat' dir='ltr'>el</span> <span class='ocrx_word' id='word_1_90' title='bbox 373 2155 493 2230; x_wconf 85' lang='lat' dir='ltr'>devote</span> <span class='ocrx_word' id='word_1_91' title='bbox 506 2155 755 2250; x_wconf 83' lang='lat' dir='ltr'>peragentibus,</span> <span class='ocrx_word' id='word_1_92' title='bbox 769 2171 833 2229; x_wconf 89' lang='lat' dir='ltr'>neo</span> <span class='ocrx_word' id='word_1_93' title='bbox 850 2171 918 2229; x_wconf 90' lang='lat' dir='ltr'>non</span> <span class='ocrx_word' id='word_1_94' title='bbox 935 2149 1143 2248; x_wconf 79' lang='lat' dir='ltr'>paratiquod</span> <span class='ocrx_word' id='word_1_95' title='bbox 1159 2154 1319 2246; x_wconf 87' lang='lat' dir='ltr'>temporis</span> <span class='ocrx_word' id='word_1_96' title='bbox 1332 2155 1484 2247; x_wconf 88' lang='lat' dir='ltr'>spatium</span> 
     </span>
     <span class='ocr_line' id='line_1_16' title="bbox 236 2267 1485 2364; baseline 0 -22"><span class='ocrx_word' id='word_1_97' title='bbox 236 2287 298 2364; x_wconf 89' lang='lat' dir='ltr'>pro</span> <span class='ocrx_word' id='word_1_98' title='bbox 324 2270 408 2344; x_wconf 87' lang='lat' dir='ltr'>lelini</span> <span class='ocrx_word' id='word_1_99' title='bbox 433 2267 528 2342; x_wconf 84' lang='lat' dir='ltr'>Statu</span> <span class='ocrx_word' id='word_1_100' title='bbox 553 2270 588 2341; x_wconf 90' lang='lat' dir='ltr'>S.</span> <span class='ocrx_word' id='word_1_101' title='bbox 615 2269 728 2345; x_wconf 87' lang='lat' dir='ltr'>llatrls</span> <span class='ocrx_word' id='word_1_102' title='bbox 752 2270 920 2342; x_wconf 86' lang='lat' dir='ltr'>llooleslae</span> <span class='ocrx_word' id='word_1_103' title='bbox 946 2274 980 2340; x_wconf 88' lang='lat' dir='ltr'>el</span> <span class='ocrx_word' id='word_1_104' title='bbox 1003 2269 1097 2360; x_wconf 81' lang='lat' dir='ltr'>juxta</span> <span class='ocrx_word' id='word_1_105' title='bbox 1124 2273 1271 2344; x_wconf 91' lang='lat' dir='ltr'>mentem</span> <span class='ocrx_word' id='word_1_106' title='bbox 1284 2268 1485 2342; x_wconf 84' lang='lat' dir='ltr'>sruotltalle</span> 
     </span>
    </p>
   </div>
   <div class='ocr_carea' id='block_1_9' title="bbox 112 2378 1482 2475">
    <p class='ocr_par' dir='ltr' id='par_1_9' title="bbox 112 2378 1482 2475">
     <span class='ocr_line' id='line_1_17' title="bbox 112 2378 1482 2475; baseline -0.003 -19"><span class='ocrx_word' id='word_1_107' title='bbox 112 2381 115 2386; x_wconf 84' lang='lat'>&#39;</span> <span class='ocrx_word' id='word_1_108' title='bbox 209 2443 211 2448; x_wconf 90' lang='lat'><em>.</em></span> <span class='ocrx_word' id='word_1_109' title='bbox 237 2382 325 2457; x_wconf 86' lang='lat' dir='ltr'>Suae</span> <span class='ocrx_word' id='word_1_110' title='bbox 341 2383 513 2458; x_wconf 85' lang='lat' dir='ltr'>orantibus</span> <span class='ocrx_word' id='word_1_111' title='bbox 530 2381 748 2475; x_wconf 82' lang='lat' dir='ltr'>quadraginta</span> <span class='ocrx_word' id='word_1_112' title='bbox 765 2398 941 2465; x_wconf 90' lang='lat' dir='ltr'>annorum,</span> <span class='ocrx_word' id='word_1_113' title='bbox 958 2379 1166 2472; x_wconf 85' lang='lat' dir='ltr'>totidemque</span> <span class='ocrx_word' id='word_1_114' title='bbox 1182 2378 1482 2472; x_wconf 84' lang='lat' dir='ltr'>quadragenarum</span> 
     </span>
    </p>
   </div>
   <div class='ocr_carea' id='block_1_10' title="bbox 191 2485 1486 3712">
    <p class='ocr_par' dir='ltr' id='par_1_10' title="bbox 191 2485 1486 3712">
     <span class='ocr_line' id='line_1_18' title="bbox 232 2485 1481 2588; baseline -0.002 -20"><span class='ocrx_word' id='word_1_115' title='bbox 232 2485 475 2588; x_wconf 80' lang='lat' dir='ltr'>indulgentiam</span> <span class='ocrx_word' id='word_1_116' title='bbox 500 2495 535 2567; x_wconf 95' lang='lat' dir='ltr'>ln</span> <span class='ocrx_word' id='word_1_117' title='bbox 560 2495 700 2586; x_wconf 88' lang='lat' dir='ltr'>singulis</span> <span class='ocrx_word' id='word_1_118' title='bbox 725 2494 855 2567; x_wconf 82' lang='lat' dir='ltr'>violeus</span> <span class='ocrx_word' id='word_1_119' title='bbox 872 2491 1110 2586; x_wconf 76' lang='lat' dir='ltr'>anquirendum</span> <span class='ocrx_word' id='word_1_120' title='bbox 1131 2491 1277 2583; x_wconf 86' lang='lat' dir='ltr'>bengine</span> <span class='ocrx_word' id='word_1_121' title='bbox 1293 2493 1481 2566; x_wconf 79' lang='lat' dir='ltr'>noncessit.</span> 
     </span>
     <span class='ocr_line' id='line_1_19' title="bbox 231 2595 1480 2700; baseline -0.002 -19"><span class='ocrx_word' id='word_1_122' title='bbox 231 2608 374 2700; x_wconf 90' lang='lat' dir='ltr'>insuper</span> <span class='ocrx_word' id='word_1_123' title='bbox 390 2607 542 2691; x_wconf 84' lang='lat' dir='ltr'>indulsit,</span> <span class='ocrx_word' id='word_1_124' title='bbox 560 2611 597 2679; x_wconf 90' lang='lat' dir='ltr'>ul</span> <span class='ocrx_word' id='word_1_125' title='bbox 614 2607 677 2699; x_wconf 90' lang='lat' dir='ltr'>ipsi</span> <span class='ocrx_word' id='word_1_126' title='bbox 694 2606 951 2688; x_wconf 83' lang='lat' dir='ltr'>christifideles,</span> <span class='ocrx_word' id='word_1_127' title='bbox 970 2605 1027 2697; x_wconf 87' lang='lat' dir='ltr'>qul</span> <span class='ocrx_word' id='word_1_128' title='bbox 1056 2598 1250 2696; x_wconf 85' lang='lat' dir='ltr'>hujusmodi</span> <span class='ocrx_word' id='word_1_129' title='bbox 1268 2595 1363 2697; x_wconf 84' lang='lat' dir='ltr'>pium</span> <span class='ocrx_word' id='word_1_130' title='bbox 1386 2621 1480 2698; x_wconf 87' lang='lat' dir='ltr'>opus</span> 
     </span>
     <span class='ocr_line' id='line_1_20' title="bbox 235 2715 1486 2812; baseline -0.001 -19"><span class='ocrx_word' id='word_1_131' title='bbox 235 2721 351 2794; x_wconf 89' lang='lat' dir='ltr'>tribus·</span> <span class='ocrx_word' id='word_1_132' title='bbox 367 2719 485 2792; x_wconf 82' lang='lat' dir='ltr'>sallem</span> <span class='ocrx_word' id='word_1_133' title='bbox 502 2717 666 2792; x_wconf 80' lang='lat' dir='ltr'>(dstluotis</span> <span class='ocrx_word' id='word_1_134' title='bbox 683 2715 803 2792; x_wconf 84' lang='lat' dir='ltr'>diebus</span> <span class='ocrx_word' id='word_1_135' title='bbox 820 2718 1028 2812; x_wconf 78' lang='lat' dir='ltr'>peregerint,</span> <span class='ocrx_word' id='word_1_136' title='bbox 1047 2717 1232 2790; x_wconf 88' lang='lat' dir='ltr'>Plenarlam</span> <span class='ocrx_word' id='word_1_137' title='bbox 1250 2717 1349 2790; x_wconf 85' lang='lat' dir='ltr'>etiam</span> <span class='ocrx_word' id='word_1_138' title='bbox 1367 2717 1486 2792; x_wconf 90' lang='lat' dir='ltr'>ludul-</span> 
     </span>
     <span class='ocr_line' id='line_1_21' title="bbox 234 2829 1482 2924; baseline -0.002 -18"><span class='ocrx_word' id='word_1_139' title='bbox 234 2831 380 2924; x_wconf 85' lang='lat' dir='ltr'>gentiam</span> <span class='ocrx_word' id='word_1_140' title='bbox 397 2829 451 2906; x_wconf 86' lang='lat' dir='ltr'>dle</span> <span class='ocrx_word' id='word_1_141' title='bbox 468 2831 736 2923; x_wconf 82' lang='lat' dir='ltr'>uuiuscujusque</span> <span class='ocrx_word' id='word_1_142' title='bbox 753 2831 888 2905; x_wconf 87' lang='lat' dir='ltr'>arbitrio</span> <span class='ocrx_word' id='word_1_143' title='bbox 902 2829 1064 2923; x_wconf 87' lang='lat' dir='ltr'>eligenda,</span> <span class='ocrx_word' id='word_1_144' title='bbox 1079 2849 1146 2921; x_wconf 88' lang='lat' dir='ltr'>qua</span> <span class='ocrx_word' id='word_1_145' title='bbox 1159 2847 1238 2903; x_wconf 89' lang='lat' dir='ltr'>vere</span> <span class='ocrx_word' id='word_1_146' title='bbox 1251 2829 1482 2921; x_wconf 86' lang='lat' dir='ltr'>poenitentes,</span> 
     </span>
     <span class='ocr_line' id='line_1_22' title="bbox 235 2940 1484 3035; baseline 0.001 -20"><span class='ocrx_word' id='word_1_147' title='bbox 235 2942 398 3028; x_wconf 78' lang='lat' dir='ltr'>confessi,</span> <span class='ocrx_word' id='word_1_148' title='bbox 430 2960 593 3035; x_wconf 82' lang='lat' dir='ltr'>sacraque</span> <span class='ocrx_word' id='word_1_149' title='bbox 624 2941 869 3016; x_wconf 77' lang='lat' dir='ltr'>communione</span> <span class='ocrx_word' id='word_1_150' title='bbox 894 2941 1007 3015; x_wconf 80' lang='lat' dir='ltr'>relecti</span> <span class='ocrx_word' id='word_1_151' title='bbox 1032 2941 1177 3032; x_wconf 86' lang='lat' dir='ltr'>aliquam</span> <span class='ocrx_word' id='word_1_152' title='bbox 1202 2940 1386 3014; x_wconf 85' lang='lat' dir='ltr'>Eoolesiam</span> <span class='ocrx_word' id='word_1_153' title='bbox 1420 2961 1484 3016; x_wconf 87' lang='lat' dir='ltr'>seu</span> 
     </span>
     <span class='ocr_line' id='line_1_23' title="bbox 233 3051 1483 3149; baseline 0 -21"><span class='ocrx_word' id='word_1_154' title='bbox 233 3055 406 3149; x_wconf 82' lang='lat' dir='ltr'>publicum</span> <span class='ocrx_word' id='word_1_155' title='bbox 437 3056 625 3130; x_wconf 80' lang='lat' dir='ltr'>oratorium</span> <span class='ocrx_word' id='word_1_156' title='bbox 655 3055 777 3130; x_wconf 85' lang='lat' dir='ltr'>deuote</span> <span class='ocrx_word' id='word_1_157' title='bbox 815 3051 1042 3138; x_wconf 40' lang='lat' dir='ltr'>repleverint,</span> <span class='ocrx_word' id='word_1_158' title='bbox 1073 3059 1107 3126; x_wconf 90' lang='lat' dir='ltr'>et</span> <span class='ocrx_word' id='word_1_159' title='bbox 1136 3053 1325 3136; x_wconf 81' lang='lat' dir='ltr'>oraverint,</span> <span class='ocrx_word' id='word_1_160' title='bbox 1356 3071 1483 3128; x_wconf 84' lang='lat' dir='ltr'>eonse-</span> 
     </span>
     <span class='ocr_line' id='line_1_24' title="bbox 191 3165 1484 3262; baseline 0 -22"><span class='ocrx_word' id='word_1_161' title='bbox 191 3251 192 3256; x_wconf 18' lang='lat'>,</span> <span class='ocrx_word' id='word_1_162' title='bbox 234 3173 391 3260; x_wconf 86' lang='lat' dir='ltr'>quantur.</span> <span class='ocrx_word' id='word_1_163' title='bbox 406 3168 575 3243; x_wconf 85' lang='lat' dir='ltr'>Praesenti</span> <span class='ocrx_word' id='word_1_164' title='bbox 593 3167 627 3242; x_wconf 93' lang='lat' dir='ltr'>iu</span> <span class='ocrx_word' id='word_1_165' title='bbox 645 3175 846 3262; x_wconf 90' lang='lat' dir='ltr'>perpetuum</span> <span class='ocrx_word' id='word_1_166' title='bbox 863 3167 1005 3239; x_wconf 82' lang='lat' dir='ltr'>valituro</span> <span class='ocrx_word' id='word_1_167' title='bbox 1022 3165 1152 3257; x_wconf 83' lang='lat' dir='ltr'>absque</span> <span class='ocrx_word' id='word_1_168' title='bbox 1168 3165 1234 3238; x_wconf 90' lang='lat' dir='ltr'>olla</span> <span class='ocrx_word' id='word_1_169' title='bbox 1247 3166 1363 3239; x_wconf 79' lang='lat' dir='ltr'>Breuis</span> <span class='ocrx_word' id='word_1_170' title='bbox 1376 3179 1484 3262; x_wconf 81' lang='lat' dir='ltr'>expe</span> 
     </span>
     <span class='ocr_line' id='line_1_25' title="bbox 233 3267 1482 3370; baseline 0.002 -18"><span class='ocrx_word' id='word_1_171' title='bbox 233 3267 376 3366; x_wconf 88' lang='lat' dir='ltr'>ditione,</span> <span class='ocrx_word' id='word_1_172' title='bbox 394 3287 428 3354; x_wconf 88' lang='lat' dir='ltr'>et</span> <span class='ocrx_word' id='word_1_173' title='bbox 444 3295 521 3354; x_wconf 87' lang='lat' dir='ltr'>eom</span> <span class='ocrx_word' id='word_1_174' title='bbox 539 3280 692 3356; x_wconf 89' lang='lat' dir='ltr'>laoultate</span> <span class='ocrx_word' id='word_1_175' title='bbox 717 3279 855 3354; x_wconf 87' lang='lat' dir='ltr'>easdem</span> <span class='ocrx_word' id='word_1_176' title='bbox 880 3277 1107 3370; x_wconf 83' lang='lat' dir='ltr'>indulgentias</span> <span class='ocrx_word' id='word_1_177' title='bbox 1123 3277 1157 3350; x_wconf 90' lang='lat' dir='ltr'>iu</span> <span class='ocrx_word' id='word_1_178' title='bbox 1175 3275 1372 3370; x_wconf 77' lang='lat' dir='ltr'>suffragium</span> <span class='ocrx_word' id='word_1_179' title='bbox 1392 3279 1482 3355; x_wconf 77' lang='lat' dir='ltr'>ilde</span> 
     </span>
     <span class='ocr_line' id='line_1_26' title="bbox 233 3391 1484 3488; baseline 0.001 -23"><span class='ocrx_word' id='word_1_180' title='bbox 233 3391 316 3466; x_wconf 90' lang='lat' dir='ltr'>llum</span> <span class='ocrx_word' id='word_1_181' title='bbox 342 3391 588 3470; x_wconf 80' lang='lat' dir='ltr'>defunctorum·</span> <span class='ocrx_word' id='word_1_182' title='bbox 606 3393 820 3488; x_wconf 82' lang='lat' dir='ltr'>applicandi3</span> <span class='ocrx_word' id='word_1_183' title='bbox 846 3391 953 3464; x_wconf 86' lang='lat' dir='ltr'>llrrnls</span> <span class='ocrx_word' id='word_1_184' title='bbox 977 3397 1090 3464; x_wconf 90' lang='lat' dir='ltr'>tamen</span> <span class='ocrx_word' id='word_1_185' title='bbox 1116 3397 1150 3464; x_wconf 88' lang='lat' dir='ltr'>et</span> <span class='ocrx_word' id='word_1_186' title='bbox 1174 3391 1208 3463; x_wconf 91' lang='lat' dir='ltr'>ln</span> <span class='ocrx_word' id='word_1_187' title='bbox 1234 3391 1334 3484; x_wconf 90' lang='lat' dir='ltr'>pleno</span> <span class='ocrx_word' id='word_1_188' title='bbox 1355 3393 1484 3466; x_wconf 88' lang='lat' dir='ltr'>robore</span> 
     </span>
     <span class='ocr_line' id='line_1_27' title="bbox 234 3499 1481 3599; baseline 0 -21"><span class='ocrx_word' id='word_1_189' title='bbox 234 3507 486 3581; x_wconf 86' lang='lat' dir='ltr'>remanentibus</span> <span class='ocrx_word' id='word_1_190' title='bbox 500 3507 658 3581; x_wconf 88' lang='lat' dir='ltr'>omuibus</span> <span class='ocrx_word' id='word_1_191' title='bbox 673 3512 706 3582; x_wconf 89' lang='lat' dir='ltr'>et</span> <span class='ocrx_word' id='word_1_192' title='bbox 719 3505 860 3599; x_wconf 87' lang='lat' dir='ltr'>singulis</span> <span class='ocrx_word' id='word_1_193' title='bbox 874 3499 945 3577; x_wconf 86' lang='lat' dir='ltr'>aliis</span> <span class='ocrx_word' id='word_1_194' title='bbox 963 3502 1181 3596; x_wconf 88' lang='lat' dir='ltr'>indulgentiis</span> <span class='ocrx_word' id='word_1_195' title='bbox 1198 3505 1301 3578; x_wconf 87' lang='lat' dir='ltr'>relate</span> <span class='ocrx_word' id='word_1_196' title='bbox 1317 3503 1362 3576; x_wconf 88' lang='lat' dir='ltr'>ad</span> <span class='ocrx_word' id='word_1_197' title='bbox 1377 3505 1481 3580; x_wconf 84' lang='lat' dir='ltr'>Urbis</span> 
     </span>
     <span class='ocr_line' id='line_1_28' title="bbox 235 3615 1480 3712; baseline -0.001 -21"><span class='ocrx_word' id='word_1_198' title='bbox 235 3619 412 3705; x_wconf 80' lang='lat' dir='ltr'>stationes,</span> <span class='ocrx_word' id='word_1_199' title='bbox 439 3619 482 3693; x_wconf 85' lang='lat' dir='ltr'>ab</span> <span class='ocrx_word' id='word_1_200' title='bbox 507 3617 614 3712; x_wconf 89' lang='lat' dir='ltr'>ipsius</span> <span class='ocrx_word' id='word_1_201' title='bbox 640 3619 828 3693; x_wconf 87' lang='lat' dir='ltr'>Sanotilails</span> <span class='ocrx_word' id='word_1_202' title='bbox 854 3619 942 3690; x_wconf 88' lang='lat' dir='ltr'>Suae</span> <span class='ocrx_word' id='word_1_203' title='bbox 968 3615 1288 3690; x_wconf 85' lang='lat' dir='ltr'>Praedeoessoribus</span> <span class='ocrx_word' id='word_1_204' title='bbox 1303 3617 1373 3708; x_wconf 83' lang='lat' dir='ltr'>jam</span> <span class='ocrx_word' id='word_1_205' title='bbox 1395 3635 1480 3690; x_wconf 90' lang='lat' dir='ltr'>oon·</span> 
     </span>
    </p>
   </div>
   <div class='ocr_carea' id='block_1_11' title="bbox 113 3727 1479 3823">
    <p class='ocr_par' dir='ltr' id='par_1_11' title="bbox 113 3727 1479 3823">
     <span class='ocr_line' id='line_1_29' title="bbox 113 3727 1479 3823; baseline -0.002 -19"><span class='ocrx_word' id='word_1_206' title='bbox 113 3771 116 3774; x_wconf 95' lang='lat'>-</span> <span class='ocrx_word' id='word_1_207' title='bbox 235 3731 350 3816; x_wconf 84' lang='lat' dir='ltr'>sessis,</span> <span class='ocrx_word' id='word_1_208' title='bbox 377 3737 414 3804; x_wconf 88' lang='lat' dir='ltr'>ut</span> <span class='ocrx_word' id='word_1_209' title='bbox 439 3732 474 3804; x_wconf 94' lang='lat' dir='ltr'>ln</span> <span class='ocrx_word' id='word_1_210' title='bbox 500 3731 641 3806; x_wconf 86' lang='lat' dir='ltr'>elenohn</span> <span class='ocrx_word' id='word_1_211' title='bbox 666 3747 710 3804; x_wconf 81' lang='lat' dir='ltr'>ex</span> <span class='ocrx_word' id='word_1_212' title='bbox 734 3729 969 3823; x_wconf 83' lang='lat' dir='ltr'>&#39;lypographla</span> <span class='ocrx_word' id='word_1_213' title='bbox 993 3728 1032 3802; x_wconf 90' lang='lat' dir='ltr'>ll.</span> <span class='ocrx_word' id='word_1_214' title='bbox 1049 3728 1096 3801; x_wconf 80' lang='lat' dir='ltr'>u.</span> <span class='ocrx_word' id='word_1_215' title='bbox 1123 3727 1162 3800; x_wconf 83' lang='grc' dir='ltr'>Α.</span> <span class='ocrx_word' id='word_1_216' title='bbox 1190 3728 1286 3802; x_wconf 74' lang='lat' dir='ltr'>edito·</span> <span class='ocrx_word' id='word_1_217' title='bbox 1304 3728 1360 3800; x_wconf 88' lang='lat' dir='ltr'>die</span> <span class='ocrx_word' id='word_1_218' title='bbox 1377 3733 1400 3800; x_wconf 82' lang='grc'>9</span> <span class='ocrx_word' id='word_1_219' title='bbox 1419 3729 1479 3802; x_wconf 90' lang='lat' dir='ltr'>lu·</span> 
     </span>
    </p>
   </div>
   <div class='ocr_carea' id='block_1_12' title="bbox 232 3839 1478 4162">
    <p class='ocr_par' dir='ltr' id='par_1_12' title="bbox 232 3839 1478 4162">
     <span class='ocr_line' id='line_1_30' title="bbox 232 3839 1478 3936; baseline 0 -22"><span class='ocrx_word' id='word_1_220' title='bbox 232 3841 266 3916; x_wconf 88' lang='lat' dir='ltr'>lil</span> <span class='ocrx_word' id='word_1_221' title='bbox 295 3845 400 3915; x_wconf 86' lang='lat' dir='ltr'>l777.</span> <span class='ocrx_word' id='word_1_222' title='bbox 427 3841 608 3936; x_wconf 78' lang='lat' dir='ltr'>voluitque</span> <span class='ocrx_word' id='word_1_223' title='bbox 633 3843 798 3916; x_wconf 83' lang='lat' dir='ltr'>Senotltas</span> <span class='ocrx_word' id='word_1_224' title='bbox 824 3843 903 3926; x_wconf 88' lang='lat' dir='ltr'>Sua,</span> <span class='ocrx_word' id='word_1_225' title='bbox 931 3848 967 3914; x_wconf 93' lang='lat' dir='ltr'>ut</span> <span class='ocrx_word' id='word_1_226' title='bbox 984 3840 1084 3912; x_wconf 91' lang='lat' dir='ltr'>simlll</span> <span class='ocrx_word' id='word_1_227' title='bbox 1101 3839 1233 3914; x_wconf 90' lang='lat' dir='ltr'>indulto</span> <span class='ocrx_word' id='word_1_228' title='bbox 1251 3846 1285 3913; x_wconf 90' lang='lat' dir='ltr'>et</span> <span class='ocrx_word' id='word_1_229' title='bbox 1300 3839 1478 3926; x_wconf 86' lang='lat' dir='ltr'>liloniales,</span> 
     </span>
     <span class='ocr_line' id='line_1_31' title="bbox 234 3951 1477 4048; baseline -0.002 -20"><span class='ocrx_word' id='word_1_230' title='bbox 234 3961 456 4048; x_wconf 84' lang='lat' dir='ltr'>ooatoraeque</span> <span class='ocrx_word' id='word_1_231' title='bbox 482 3955 517 4029; x_wconf 91' lang='lat' dir='ltr'>iu</span> <span class='ocrx_word' id='word_1_232' title='bbox 542 3953 751 4031; x_wconf 85' lang='lat' dir='ltr'>llonasterlis</span> <span class='ocrx_word' id='word_1_233' title='bbox 776 3959 1042 4038; x_wconf 79' lang='lat' dir='ltr'>commorantes,</span> <span class='ocrx_word' id='word_1_234' title='bbox 1060 3951 1245 4026; x_wconf 88' lang='lat' dir='ltr'>dummodo</span> <span class='ocrx_word' id='word_1_235' title='bbox 1262 3965 1477 4046; x_wconf 88' lang='lat' dir='ltr'>snpraennn·</span> 
     </span>
     <span class='ocr_line' id='line_1_32' title="bbox 233 4064 1477 4162; baseline -0.002 -23"><span class='ocrx_word' id='word_1_236' title='bbox 233 4065 317 4140; x_wconf 88' lang='lat' dir='ltr'>olata</span> <span class='ocrx_word' id='word_1_237' title='bbox 342 4067 398 4161; x_wconf 85' lang='lat' dir='ltr'>pia</span> <span class='ocrx_word' id='word_1_238' title='bbox 423 4087 525 4162; x_wconf 89' lang='lat' dir='ltr'>opera</span> <span class='ocrx_word' id='word_1_239' title='bbox 550 4067 758 4162; x_wconf 74' lang='lat' dir='ltr'>peregerint,</span> <span class='ocrx_word' id='word_1_240' title='bbox 785 4067 1005 4161; x_wconf 82' lang='lat' dir='ltr'>rospootlram</span> <span class='ocrx_word' id='word_1_241' title='bbox 1039 4081 1156 4138; x_wconf 89' lang='lat' dir='ltr'>earum</span> <span class='ocrx_word' id='word_1_242' title='bbox 1181 4065 1365 4140; x_wconf 79' lang='lat' dir='ltr'>Eoolesiam</span> <span class='ocrx_word' id='word_1_243' title='bbox 1397 4064 1477 4138; x_wconf 83' lang='lat' dir='ltr'>risi-</span> 
     </span>
    </p>
   </div>
   <div class='ocr_carea' id='block_1_13' title="bbox 72 4177 1478 4271">
    <p class='ocr_par' dir='ltr' id='par_1_13' title="bbox 72 4177 1478 4271">
     <span class='ocr_line' id='line_1_33' title="bbox 72 4177 1478 4271; baseline -0.001 -18"><span class='ocrx_word' id='word_1_244' title='bbox 72 4239 76 4245; x_wconf 78' lang='grc'><em>,</em></span> <span class='ocrx_word' id='word_1_245' title='bbox 234 4185 355 4266; x_wconf 85' lang='lat' dir='ltr'>tentes,</span> <span class='ocrx_word' id='word_1_246' title='bbox 381 4193 445 4255; x_wconf 90' lang='lat' dir='ltr'>noo</span> <span class='ocrx_word' id='word_1_247' title='bbox 469 4199 538 4255; x_wconf 93' lang='lat' dir='ltr'>uon</span> <span class='ocrx_word' id='word_1_248' title='bbox 564 4181 687 4254; x_wconf 88' lang='lat' dir='ltr'>inllrml</span> <span class='ocrx_word' id='word_1_249' title='bbox 713 4187 747 4253; x_wconf 88' lang='lat' dir='ltr'>et</span> <span class='ocrx_word' id='word_1_250' title='bbox 767 4181 802 4252; x_wconf 93' lang='lat' dir='ltr'>in</span> <span class='ocrx_word' id='word_1_251' title='bbox 820 4179 1011 4253; x_wconf 87' lang='lat' dir='ltr'>oaroeribos</span> <span class='ocrx_word' id='word_1_252' title='bbox 1028 4177 1163 4264; x_wconf 90' lang='lat' dir='ltr'>detenti,</span> <span class='ocrx_word' id='word_1_253' title='bbox 1181 4195 1222 4251; x_wconf 93' lang='lat' dir='ltr'>eo</span> <span class='ocrx_word' id='word_1_254' title='bbox 1239 4178 1339 4270; x_wconf 84' lang='lat' dir='ltr'>qnod</span> <span class='ocrx_word' id='word_1_255' title='bbox 1347 4177 1478 4271; x_wconf 82' lang='lat' dir='ltr'>exequi</span> 
     </span>
    </p>
   </div>
   <div class='ocr_carea' id='block_1_14' title="bbox 235 4289 1478 4390">
    <p class='ocr_par' dir='ltr' id='par_1_14' title="bbox 235 4289 1478 4390">
     <span class='ocr_line' id='line_1_34' title="bbox 235 4289 1478 4390; baseline -0.001 -23"><span class='ocrx_word' id='word_1_256' title='bbox 235 4293 459 4389; x_wconf 81' lang='lat' dir='ltr'>nequiverint,</span> <span class='ocrx_word' id='word_1_257' title='bbox 486 4294 556 4368; x_wconf 87' lang='lat' dir='ltr'>allis</span> <span class='ocrx_word' id='word_1_258' title='bbox 581 4293 741 4390; x_wconf 84' lang='lat' dir='ltr'>operibus</span> <span class='ocrx_word' id='word_1_259' title='bbox 767 4313 786 4365; x_wconf 89' lang='lat' dir='ltr'>a</span> <span class='ocrx_word' id='word_1_260' title='bbox 813 4289 1008 4387; x_wconf 82' lang='lat' dir='ltr'>respeotlrls</span> <span class='ocrx_word' id='word_1_261' title='bbox 1024 4289 1244 4367; x_wconf 74' lang='lat' dir='ltr'>danismanis</span> <span class='ocrx_word' id='word_1_262' title='bbox 1260 4289 1478 4386; x_wconf 82' lang='lat' dir='ltr'>injungendis</span> 
     </span>
    </p>
   </div>
   <div class='ocr_carea' id='block_1_15' title="bbox 0 0 1570 4920">
    <p class='ocr_par' dir='ltr' id='par_1_15' title="bbox 0 0 1570 4920">
     <span class='ocr_line' id='line_1_35' title="bbox 0 0 1570 4920; baseline 0 0"><span class='ocrx_word' id='word_1_263' title='bbox 0 0 1570 4920; x_wconf 95' lang='lat' dir='ltr'> </span> 
     </span>
    </p>
   </div>
  </div>
 </body>
</html>
