3254 4914
326 323 372 391 ci

373 441 418 504 b.⁰
439 439 574 504 Tandem
593 439 717 518 eisdem,
731 439 785 519 qui
800 443 861 500 toto
876 437 956 524 uitae
967 451 1038 500 snae
1053 439 1186 516 tempore
1208 435 1359 516 praedicta
1379 433 1425 515 pia
1438 447 1518 512 opera

292 537 494 613 exercuerint,
516 534 740 612 Indulgentiam
755 532 922 595 Pleuariam
937 532 967 593 in
982 531 1086 594 mortis
1101 529 1228 593 articulo
1250 529 1432 607 lucrandam,
1445 527 1517 592 dunt·

292 629 383 694 ruodo
405 630 461 692 rite
482 628 619 709 dispositi
641 627 762 704 inerint,
777 625 942 698 vetrallen
959 623 1189 698 sanctissimum
1209 623 1281 688 lesu
1301 622 1417 688 Nomen
1431 619 1519 698 corde,

291 723 316 786 si
339 739 389 786 ore
410 723 612 804 nequiverint,
634 721 740 788 devote
761 719 980 796 invocaverint,
1001 719 1134 800 benigue
1154 713 1266 800 pariter
1286 723 1332 782 est
1353 716 1518 800 impertitus.

290 817 444 880 Praesenti
465 818 496 879 iu
519 821 698 898 perpetuum
720 814 847 877 valituro
868 801 981 894 absone
1002 809 1063 875 uiia
1084 807 1188 875 Brevis
1208 811 1409 892 expeditione.

369 929 491 1000 Datum
517 929 643 1000 liemae
668 945 711 999 ex
737 925 919 1022 secretaria
944 925 1019 998 Sec.
1048 923 1321 1016 congregationis
1350 921 1522 1015 indulgent

288 1037 342 1112 die
368 1045 415 1112 22
442 1041 518 1116 Maii
546 1044 651 1112 tent.
1099 1135 1102 1142 ι

388 1189 391 1196 ,
956 1147 992 1221 li.
1019 1147 1123 1222 cluo.
1149 1141 1245 1222 lituo
1269 1141 1476 1221 Pae-Putas.

909 1262 950 1332 Α.
974 1259 1133 1354 lraliep.
1164 1261 1367 1354 troporum.
1396 1257 1508 1334 secret

754 1497 758 1506 ·
862 1457 966 1534 xxti.

289 1673 493 1740 Summorium
518 1673 788 1756 deducentium,
810 1692 884 1756 punc
903 1661 972 1758 pior
991 1671 1127 1740 Socicmi
1153 1679 1316 1756 nuncupet.
1350 1671 1522 1740 carebitis
1604 1661 1605 1750 t

370 1771 524 1852 pbilerum
545 1769 577 1836 ie
599 1769 720 1836 Ciuitate
740 1770 879 1836 imotemi
899 1786 1049 1836 muceeroe
1070 1775 1152 1838 suet.

367 2052 603 2132 sanctissimus
626 2057 789 2134 Dominus
814 1949 1025 2133 Nesiehrmbeo
1050 2053 1112 2132 PP.
1139 2055 1200 2132 illl
1217 2051 1435 2131 exPastorall
1456 2051 1527 2129 offl-

154 2171 156 2178 '
217 2189 220 2196 ⁴
285 2165 347 2258 cie,
373 2189 442 2264 quo
467 2169 705 2247 christifideles
730 2173 765 2246 in
790 2175 933 2246 Domino
949 2171 1191 2266 complectitur,
1210 2175 1244 2246 et
1261 2169 1303 2245 ad
1328 2187 1447 2246 eorum
1463 2185 1529 2264 prc-

284 2281 466 2356 curandam
483 2283 624 2359 salntem
642 2301 744 2378 quem
761 2285 908 2358 maxime
924 2283 1101 2375 sollicitns;
1128 2283 1170 2357 ad
1196 2279 1402 2357 humillimas
1421 2291 1528 2378 preces

282 2395 359 2468 Piae
385 2397 658 2490 congregationis
676 2417 737 2472 seu
754 2398 926 2471 societatis
955 2393 1320 2492 Coiebibiiopbilcrum
1340 2391 1527 2491 appellatae

281 2509 411 2584 noviter
435 2511 471 2584 in
496 2511 633 2584 Ciuitate
663 2519 696 2585 et
723 2511 874 2584 Dioecesi
898 2511 1054 2584 imolensi
1084 2509 1242 2584 canonice
1267 2516 1411 2595 erectae,
1437 2515 1528 2600 atque

280 2619 448 2712 probatae.
475 2623 571 2714 eujus
587 2623 774 2698 institutum
793 2629 845 2698 est
861 2630 932 2696 tum
950 2623 1083 2715 piorum
1108 2620 1354 2714 moraliumque
1374 2623 1528 2698 librorum

280 2730 390 2816 editio,
417 2739 451 2806 ct
475 2735 678 2826 propagatio,
704 2742 777 2808 tunt
794 2735 893 2808 etiam
910 2733 1161 2818 eliminatioet
1185 2731 1375 2816 retundatio
1397 2733 1528 2806 antimo

280 2841 409 2927 ratium,
436 2845 495 2936 qui
521 2845 646 2938 ubique
672 2841 883 2938 divulgantur
908 2861 946 2920 ac
972 2843 1266 2930 circumieruntur,
1300 2843 1448 2936 benigue
1476 2859 1527 2914 ao·
1604 2843 1605 2880 i

279 2971 399 3042 nuens,
418 2955 574 3052 omuibus
599 2954 877 3032 christifidelibus
895 2955 1004 3032 eidem
1021 2955 1187 3050 praelatae
1206 2953 1464 3050 congregationi
1479 2951 1529 3026 ad·

280 3059 386 3154 dictis,
404 3085 522 3142 omues
539 3075 572 3142 ct
589 3069 737 3162 singulas
753 3065 989 3161 indulgentias,
1008 3087 1094 3164 qnae
1108 3087 1126 3142 a
1140 3088 1212 3142 sau.
1235 3065 1301 3144 nte,
1320 3065 1380 3144 Pio
1398 3064 1460 3142 ΡΡ.
1476 3063 1528 3142 Vll

279 3175 541 3256 Praedenosscre
567 3183 636 3256 Suo
663 3182 826 3267 societati,
845 3179 1093 3256 dcit’dmicizic
1115 3181 1286 3258 Cottotico
1311 3185 1527 3274 nuncupatui,

280 3298 314 3364 et
337 3293 462 3366 Romae
480 3293 649 3368 institutae
665 3311 846 3368 concessae
870 3294 973 3378 inere,
1000 3301 1102 3386 atque
1117 3293 1152 3368 in
1170 3293 1327 3385 sequenti
1344 3291 1528 3366 Summsric

279 3405 473 3478 enunciatae
486 3413 576 3490 suut,
594 3407 739 3498 benigne
752 3407 875 3499 pariter
887 3407 1063 3490 concessit,
1081 3412 1115 3479 ct
1130 3405 1167 3478 iu
1185 3409 1388 3498 perpetuum
1403 3403 1526 3496 absque

279 3514 344 3590 ulla
369 3517 483 3590 Brevis
510 3517 723 3612 expeditione
748 3515 1004 3592 communicavit
1029 3514 1083 3590 die
1110 3519 1155 3588 li
1180 3514 1376 3590 Decembris
1407 3517 1508 3622 luit.

364 3653 409 3716 l.⁰
429 3653 621 3736 induigentia
636 3655 773 3720 Pleuaria
794 3655 936 3720 omnibns
950 3654 1043 3734 buius
1057 3653 1214 3718 societatis
1228 3669 1335 3718 curam
1348 3651 1522 3736 gerentibus

283 3747 376 3814 semel
398 3753 516 3814 mutum
537 3748 569 3812 io
592 3750 727 3830 qualibet
755 3749 944 3814 bebdomada
972 3747 1172 3830 acquirenda,
1193 3747 1357 3814 dicebam
1384 3749 1524 3812 uniuscn-

279 3840 391 3924 J'usque
412 3843 538 3906 arbitrio
559 3843 710 3923 eligenda.

364 3935 409 4000 2⁰
430 3936 576 4002 Similiter
597 3938 734 4002 Plenaria
754 3937 847 4001 bisin
870 3953 1054 4020 unoquoque
1074 3952 1178 4001 meuse
1193 3937 1337 4004 lucranda
1358 3935 1522 4015 diebuspe

283 4029 356 4092 riter
376 4031 498 4112 proprio
519 4030 645 4096 arbitrio
666 4032 846 4112 statuendis,
867 4033 1008 4098 omuibus
1028 4032 1217 4114 ubicumque
1243 4033 1378 4098 leccrnrn
1397 4031 1522 4096 existen·

283 4120 375 4200 tibus,
395 4123 449 4188 nbi
471 4131 572 4190 tamen
593 4127 725 4208 praelata
746 4125 881 4192 Societas
901 4144 962 4194 oon
984 4126 1151 4210 reperiatur
1169 4131 1280 4210 crecta,
1300 4126 1353 4212 qui
1373 4123 1414 4192 ad
1432 4119 1522 4205 ipsiu

282 4213 440 4282 societatis
459 4217 655 4288 stabilitatem
675 4227 707 4285 et
727 4237 921 4304 progressum
941 4236 1064 4304 eperunt
1084 4219 1290 4304 praestabunt
