3134 4918
783 353 999 420 *nou-

266 533 268 538 ·
347 492 446 580 oasa
461 494 613 572 Ecclesia
631 495 664 566 S.
686 492 809 584 Vipilil,
818 509 971 584 supressa
979 491 1229 568 llonaclsorum
1238 490 1378 575 Ordine,
1387 494 1504 568 clausa

268 609 384 703 suerin
403 611 435 680 et
454 607 680 700 Conprepotio
694 605 916 678 Adoratiouis
933 605 983 678 od
999 607 1187 682 Ecclesiam
1205 608 1239 680 S.
1257 608 1389 680 Donati
1404 607 1504 700 pseu

270 716 912 809 translatamqueadunnum18l6;
940 735 1005 807 quo
1033 723 1195 810 tempore,
1222 737 1266 788 em
1290 719 1504 810 superiorum

269 833 493 913 concessione,
519 832 644 904 ilerum
669 829 720 902 ad
743 831 931 904 Ecclesiam
958 831 991 902 S.
1025 831 1138 922 Vipilii
1161 850 1197 904 so
1222 832 1416 912 commorit,
1451 833 1505 904 uli

268 951 351 1021 actu
376 962 511 1038 quoque
535 949 705 1017 moratur.

344 1059 444 1130 Hisce
456 1057 589 1150 positis,
605 1054 840 1130 Moderatores
859 1054 1063 1128 sodalitatis
1079 1054 1303 1128 siderationis
1328 1060 1391 1130 etc.
1413 1057 1505 1132 arli-

270 1173 357 1250 troti
380 1173 459 1244 suut
484 1170 636 1244 omismse
661 1168 898 1261 ludulpentias
923 1170 966 1242 ol>
989 1169 1192 1263 praefatam
1210 1167 1427 1252 sodalitatis,
1454 1191 1507 1242 seu

272 1281 836 1376 Gauprepanoulsuamlaucmm‚
855 1299 916 1354 uec
929 1280 1239 1356 nouSudalilatem
1252 1283 1372 1354 Bonae
1387 1283 1508 1356 Mortis

270 1413 488 1489 suppressam
500 1394 638 1466 omniuo
650 1393 753 1488 [uiue
767 1393 809 1464 ab
822 1391 1072 1466 Menaenorum
1088 1392 1226 1468 Ordinis
1239 1395 1507 1486 suppressionem

271 1527 342 1602 pua
365 1511 507 1600 propter
522 1505 761 1598 supplicarunt
773 1524 840 1597 pro
857 1523 949 1578 nouo
966 1506 1133 1580 erectione
1154 1508 1274 1582 Bonae
1294 1505 1428 1588 Mortis,
1441 1526 1506 1599 pro

273 1622 368 1694 nouis
401 1619 637 1712 luclulpentiis,
664 1623 698 1694 ot
717 1637 784 1711 pro
819 1619 1077 1712 consternatione
1109 1619 1346 1709 amianarum,
1372 1637 1417 1692 ac
1450 1620 1506 1694 sul

272 1735 329 1808 ulie
355 1738 401 1806 26
428 1733 573 1825 Aupusti
592 1736 685 1806 llllts
705 1751 749 1803 eo
767 1733 955 1806 secretoria
971 1752 996 1804 a
1013 1733 1220 1825 supplicibus
1245 1732 1368 1806 libellis
1391 1734 1509 1804 rescri-

268 1851 370 1940 ptum
393 1845 460 1938 tuit
489 1872 503 1909 ι
524 1845 672 1935 Benigno
697 1845 815 1917 annuit
838 1863 901 1936 pro
926 1845 1030 1935 gretia
1063 1845 1185 1936 politae
1216 1843 1454 1928 translationis,
1479 1849 1509 1917 el

273 1956 518 2032 confimalionis
535 1956 831 2048 Indulgenlioram
857 1957 901 2030 de
927 1957 1050 2049 qulbus
1067 1957 1102 2030 io
1120 1957 1276 2049 precibus
1300 1956 1345 2029 ad
1369 1957 1509 2029 formam

273 2077 386 2144 umen
412 2069 563 2163 priorum
587 2068 851 2142 concessionum
877 2069 920 2141 de
946 2069 1077 2142 licentia
1100 2069 1275 2142 ordinarii.
1300 2067 1355 2140 Ad
1377 2077 1510 2162 sepum

273 2183 392 2254 nium»
418 2183 463 2253 m
487 2201 567 2253 uero
580 2182 700 2274 prima
717 2183 886 2254 concessio
903 2186 991 2263 erat,
1009 2186 1048 2256 nt
1072 2183 1226 2272 sequitur
1250 2181 1508 2256 «emmennone

274 2297 310 2368 in
334 2301 535 2388 perpetuum
561 2293 709 2366 valituris
736 2300 824 2366 etc.»
851 2293 929 2366 linc
956 2292 1146 2366 dubitatur:

352 2406 400 2480 l.⁰
425 2407 479 2478 Au
503 2407 616 2498 primo
644 2407 816 2498 Rescripta
843 2407 1116 2498 inperpetuum,
1144 2406 1197 2478 uel
1220 2403 1368 2478 secundo
1386 2403 1435 2477 acl
1456 2407 1508 2477 Se·

271 2521 451 2615 plunnium
477 2517 639 2626 standum
664 2520 737 2591 sit?

351 2631 401 2704 2⁰
428 2629 605 2704 culmum
620 2633 740 2704 Bonae
756 2630 877 2703 Mortis
901 2649 1084 2724 suppresso
1099 2635 1190 2704 estne
1202 2628 1366 2723 putando
1383 2630 1424 2702 ol
1450 2631 1510 2703 Or-

262 2745 367 2828 ,otuu
390 2744 672 2836 suppressionem,
698 2761 768 2816 uon
792 2744 947 2816 obstante
972 2743 1067 2834 quad
1091 2763 1198 2816 unum
1224 2747 1361 2815 lautum
1382 2743 1510 2836 eorpus

276 2857 473 2980 efformaret
488 2871 567 2928 eum
584 2855 778 2930 sodalitate
795 2855 1029 2938 educationis,
1048 2857 1103 2930 cui
1115 2876 1160 2928 en
1174 2856 1386 2929 concessione
1398 2855 1510 2948 plorat

276 2970 667 3174 mnsssupnzul⁹MtiM
688 3085 877 3174 perpeluoe
902 3101 1079 3156 concessae
1100 3082 1286 3176 praelatae
1316 3083 1507 3174 Gmsprepo·

277 3193 364 3268 limi
379 3191 603 3266 odorationis
626 3194 775 3266 amissae
801 3200 880 3266 sent
903 3199 1015 3268 stante
1041 3200 1265 3287 temporaneo
1287 3195 1508 3268 crannonem

276 3306 564 3397 omprepauoms
588 3305 637 3378 acl
662 3305 773 3378 aliam
798 3307 1015 3378 Ecclesiam?

354 3416 404 3490 ιθ
429 3415 668 3508 ludulpeuls'ae
692 3435 869 3492 concessae
894 3424 1031 3491 tontum
1055 3419 1226 3493 melenae
1253 3421 1286 3491 S.
1320 3419 1431 3510 Vipllii
1446 3433 1509 3508 pu·

280 3528 409 3602 laudae
434 3535 512 3602 suut
537 3529 651 3603 adnue
676 3532 835 3622 uipenles,
862 3537 973 3604 staule
999 3537 1221 3626 temporaneo
1242 3533 1407 3604 clousura
1430 3529 1510 3618 mus

277 3641 357 3714 dors
380 3641 561 3726 maleum,
588 3645 745 3734 quamuis
771 3645 807 3716 in
828 3649 1034 3736 perpetuum
1058 3647 1265 3717 concessae?

351 3754 427 3826 Suc.
450 3755 672 3847 congregacio
688 3755 862 3848 respondit
881 3757 957 3828 «Aa
978 3758 1150 3850 primum»
1169 3756 1326 3830 Secundo
1343 3753 1507 3844 neuneu

278 3865 438 3940 claudum
461 3873 524 3939 esl.
552 3868 604 3940 Aa
623 3869 823 3953 secundum,
842 3870 986 3958 laelium,
1005 3876 1038 3942 el
1055 3877 1210 3960 quartum
1231 3871 1328 3941 «lom
1343 3867 1507 3961 psoricum

279 3995 342 4070 per
365 3977 492 4052 niumm
517 3979 776 4073 Rescriptum».
795 3981 855 4054 llio
879 3987 928 4052 28
944 3982 1152 4074 Septembris
1180 3985 1286 4055 ¹838.
