3182 4922
787 325 1003 393 -562-
1117 341 1122 352 ’

271 465 374 560 nujus
391 465 512 540 Sacrae
528 465 801 558 congregationis
816 465 965 539 Decretis
981 465 1044 539 rite
1059 467 1245 560 perpensis,
1261 473 1396 560 totoque
1410 469 1483 544 Con·

271 580 406 656 sotoris
432 577 556 664 andito,
582 577 856 672 respondendnm
881 597 958 653 esse
981 587 1194 655 censnortmt.

344 691 398 768 Ad
422 691 569 785 primum
594 689 828 764 ‹Affirmntim
844 717 879 764 ι.

343 805 399 881 Ad
422 804 610 881 secondom
634 804 872 898 «negative».

343 919 398 994 Ad
421 920 556 994 tertium
580 918 767 1012 ‹Nogetive
793 918 837 993 ad
864 919 1007 1015 primam
1030 923 1179 1012 parterm
1203 937 1272 994 non
1288 917 1487 1014 expedirem

270 1029 454 1108 mundam
470 1061 505 1104 ι.

343 1139 604 1219 neocosmum
629 1143 672 1218 de
697 1143 749 1218 nis
775 1143 932 1220 omnibus
968 1143 1185 1220 sanctissimo
1215 1146 1357 1220 Domino
1383 1145 1487 1220 Nostro

269 1259 327 1334 Pio
351 1259 414 1333 ΡΡ.
440 1259 486 1332 lx
511 1277 572 1352 per
598 1276 652 1332 nne
678 1257 924 1352 infrascriptum
949 1254 1366 1352 Sacree'Congregetionis
1389 1261 1488 1334 Serre·

268 1373 390 1446 terium
414 1371 573 1446 relatione
598 1371 632 1446 in
658 1371 835 1446 Audientie
860 1371 926 1446 diei
954 1375 998 1444 ii
1025 1368 1176 1465 ejusdem
1206 1372 1352 1458 mensis,
1377 1373 1486 1446 Sancti·

269 1491 319 1560 las
345 1485 413 1558 Sua
437 1485 601 1578 praelatas
626 1485 845 1559 resolutiones
869 1485 1016 1578 henigne
1042 1483 1247 1578 approbavit.

342 1602 464 1674 Datum
488 1601 613 1673 Rornae
638 1619 682 1673 ex
707 1600 890 1675 secretaria
916 1599 990 1674 Sec.
1023 1597 1299 1691 congregationis
1328 1597 1486 1692 Indulgen-

270 1713 393 1788 tiernm
418 1709 473 1788 die
502 1717 546 1787 t2
572 1711 678 1788 Martii
706 1717 811 1786 1855.

966 1825 1002 1898 F.
1029 1824 1132 1900 Ceno.
1158 1824 1336 1909 Asoanrras
1360 1827 1469 1898 Pnnnr.

1024 1937 1066 2010 Α.
1094 1937 1256 2012 Cotombo
1284 1939 1406 2013 Secrel.

841 2132 933 2205 DCL.

725 2277 862 2331 nrrrorns
887 2277 1045 2332 nnncrcnn

338 2388 485 2462 laconas
501 2383 694 2461 coloniens
711 2385 899 2459 Leoassecr
914 2385 1151 2460 Missioncrt'ns
1171 2385 1386 2480 Apostolicns
1400 2385 1489 2460 Prae

260 2501 395 2597 positos
421 2501 596 2574 Generalis
614 2500 792 2574 societatis
808 2499 1087 2591 Presbyteromm
1111 2499 1371 2576 Misericordiae
1386 2501 1441 2574 sol
1458 2500 1490 2572 n·-

267 2615 338 2689 lnlo
364 2613 494 2686 Bootae
518 2613 655 2687 Mariae
680 2613 716 2686 in
744 2613 967 2704 conceptione
991 2631 1055 2686 saa
1080 2613 1315 2688 immaculata
1341 2611 1389 2688 acl
1413 2615 1442 2687 S.
1462 2609 1491 2684 i.

261 2721 366 2820 peries
391 2725 592 2818 provolutos
617 2721 807 2800 humillime
824 2725 965 2817 ceponii
981 2722 1110 2818 rinplcc
1127 2723 1269 2798 dolium
1291 2727 1384 2801 circa
1407 2739 1491 2797 asom

266 2835 443 2934 facultatis
468 2835 533 2910 sibi
557 2837 692 2930 snlspae
725 2855 902 2912 concessae
936 2836 1053 2930 quoad
1077 2839 1279 2913 erectionem
1313 2837 1491 2914 Stationem

271 2951 350 3026 Viae
377 2949 503 3035 Cincio,
529 2967 658 3044 nempe.

343 3062 391 3135 i.⁰
419 3064 503 3136 Cam
520 3064 556 3136 in
576 3065 748 3158 Rescripto
767 3065 963 3137 enuncietcr
982 3065 1132 3159 [accitas
1157 3063 1313 3158 eripendi
1339 3061 1491 3139 monem

266 3177 301 3251 in
324 3175 474 3270 pollicis
498 3173 655 3250 Ecclesiis
681 3175 822 3250 debiam
848 3182 1006 3250 eaortnnt
1032 3184 1090 3262 est,
1116 3181 1234 3252 otram
1259 3175 1313 3252 nis
1337 3173 1491 3253 oertlsio

265 3287 408 3382 publicis
433 3287 601 3373 Eccleslis
629 3287 859 3362 ecclnriantar
883 3291 1052 3364 Ecclesiae
1069 3309 1126 3364 sen
1150 3291 1318 3364 Oratoma
1334 3285 1489 3382 Hospitio·

265 3412 356 3484 inm,
391 3399 674 3483 Seminariornm,
712 3402 1012 3486 communitatum,
1046 3403 1302 3478 instinctionem
1330 3407 1390 3477 ele.
1416 3415 1490 3493 ptcc

265 3513 315 3588 od
339 3531 437 3586 asam
463 3518 598 3588 tantnm
619 3533 849 3608 personarum
875 3516 969 3588 intro
994 3520 1090 3609 septa
1107 3517 1170 3590 illo
1188 3515 1384 3609 depenlinm
1408 3507 1488 3586 cedi·

264 3625 371 3721 ficata
395 3631 485 3707 snnt,
505 3632 537 3700 ct
548 3627 689 3719 publico
707 3629 784 3700 asni
800 3634 995 3702 ecterornm
1011 3629 1147 3703 nonnisi
1172 3627 1381 3724 poanclopnc
1396 3631 1427 3702 et
1437 3641 1489 3720 per

265 3737 422 3813 accidens
447 3739 662 3812 inservienti

339 3847 390 3924 2⁰
403 3851 591 3925 Dabitotnr
608 3853 713 3926 etiam
729 3860 845 3928 atram
859 3851 1063 3948 enipemiam
1077 3855 1119 3929 sit
1133 3858 1170 3930 in
1183 3871 1393 3950 nnnpncqne
1404 3851 1487 3926 Diae

266 3964 332 4038 cesi
356 3963 535 4056 exemplar
560 3964 792 4041 ontlenticnm
804 3967 1007 4062 praedictae
1030 3969 1298 4063 rosellenses
1320 3965 1406 4042 Sede
1424 3979 1489 4040 con·

265 4095 387 4158 cessae,
404 4075 496 4170 pnod
509 4077 553 4152 ab
568 4081 733 4174 Episcopo
749 4080 790 4154 cle
802 4085 927 4176 scripto
942 4088 1178 4176 capnoscolnr,
1196 4101 1244 4156 an
1259 4099 1341 4156 nero
1359 4077 1488 4173 snpicial

266 4185 493 4261 testimoniam
523 4191 716 4288 Praepositi
745 4195 918 4268 Generalis
947 4193 1151 4269 mentionem
1180 4193 1308 4290 faciem
1337 4187 1489 4282 llesnipti

264 4295 306 4372 rie
331 4313 397 4392 pcto
423 4313 547 4393 snpra,
575 4305 611 4378 at
631 4307 740 4399 possit
764 4304 950 4402 Episcopas
979 4307 1152 4386 licentiam
1178 4305 1263 4386 clarc
1287 4297 1486 4400 natitent
