3254 4914
278 318 349 388 138

250 451 372 516 tationis
385 449 416 514 S.
437 447 553 527 Crucis,
568 447 599 512 S.
614 446 789 528 Augustini,
801 446 1011 512 conversionis
1025 445 1055 512 S.
1072 447 1167 529 Pavrli,
1182 446 1388 512 lledicalionis
1402 448 1434 514 S.
1446 449 1497 514 tlt·

247 544 362 610 abaelis
381 543 488 623 breb,
510 543 541 609 S.
562 542 681 622 Claudi,
701 540 732 607 S.
754 541 905 607 llincentii
928 559 944 607 a
966 541 1070 622 Paulo,
1091 557 1148 608 noe
1168 559 1229 608 non
1244 542 1355 609 dlebus
1368 543 1498 609 decima·
1593 619 1594 642 χ

247 640 336 726 tertia
361 639 547 718 Decembris,
574 639 706 704 secunda
728 637 877 717 Octobris,
906 638 1040 704 mcunda
1065 637 1255 717 Novembris,
1282 655 1317 704 ac
1344 639 1376 703 in
1399 638 1498 721 prima

248 733 412 814 caviuslibet
432 733 544 800 mensis
564 733 638 798 teria
659 739 754 812 sexta,
774 732 876 796 Altare
896 749 950 797 seu
972 731 1145 814 Gappellam
1158 733 1341 810 llonasterii,
1361 738 1394 797 et
1413 737 1498 798 exte
1594 718 1595 750 ¹

247 829 360 896 riorem
381 829 548 895 Ecclesiam
568 844 641 893 cum
661 845 751 911 supra
773 827 919 910 expositis
939 826 1183 894 condictionibus
1204 827 1410 892 visitantibus.
1595 820 1596 844 ¹

330 923 376 988 d.⁰
398 923 590 1004 indulgentia
613 939 682 988 vero
702 926 817 1004 septem
841 937 1001 1001 annorum,
1020 928 1052 986 et
1069 922 1195 988 lotidem
1215 922 1498 1004 Quadragenarum,
1596 919 1597 926 ’

247 1017 411 1101 praemissa
431 1023 467 1082 ut
487 1034 578 1100 supra
593 1017 818 1099 peragentibus,
840 1016 870 1079 in
892 1016 1019 1097 reliquis
1033 1015 1101 1081 aliis
1121 1017 1369 1098 praememoratis
1386 1015 1499 1099 viginti
1597 1019 1598 1038 ³

248 1112 365 1179 diebus.
386 1113 435 1177 Ec
456 1111 547 1176 Brevi
567 1129 611 1176 so.
631 1127 687 1176 nse.
708 1111 757 1175 Pii
782 1111 840 1174 l'll
856 1110 915 1174 diei
936 1111 973 1176 17
994 1111 1069 1176 Maii
1089 1110 1179 1176 1816.
1598 1119 1599 1126 ’

328 1207 372 1272 7.⁰
393 1206 605 1288 Indulgentiae
626 1211 743 1288 septem
763 1205 853 1270 Urbis
875 1206 1083 1286 Basilicarum,
1105 1207 1202 1270 tribus
1223 1207 1255 1272 in
1278 1223 1359 1270 anno
1385 1205 1499 1272 diebus

250 1301 288 1367 ad
309 1301 432 1367 libitum
453 1301 629 1366 lionialium
650 1300 809 1381 eligendis,
824 1300 860 1378 si,
876 1300 1022 1380 injunctis
1042 1299 1196 1382 operibus,
1217 1301 1255 1365 da
1275 1301 1389 1382 qulbus
1405 1317 1501 1382 supra

250 1396 431 1479 adimpletis,
453 1396 555 1462 Altare
574 1397 673 1476 majus
693 1395 851 1460 exterioris
865 1395 1027 1474 Ecclesiae,
1041 1400 1132 1476 atque
1152 1411 1206 1460 sex
1219 1395 1278 1460 alia
1291 1395 1401 1460 sacella
1419 1396 1500 1460 intra

251 1489 389 1557 Claustra
410 1491 467 1556 sita
489 1490 527 1556 ab
542 1488 703 1556 Ordinario
722 1489 929 1572 praefigenda,
950 1489 1057 1554 devote
1079 1489 1273 1554 visitaverint

328 1584 374 1651 8.⁰
396 1585 608 1667 indulgentiae
628 1584 732 1650 Scalae
753 1583 881 1649 Sanctae
896 1583 933 1648 de
947 1583 1038 1665 Uvbc,
1059 1591 1166 1665 qnater
1187 1585 1218 1649 in
1241 1600 1322 1648 anno
1336 1583 1448 1649 diebus
1462 1585 1502 1648 ad

249 1681 441 1763 singularum
456 1680 615 1745 arbitrium
630 1679 802 1761 seligendis,
817 1679 843 1743 si
858 1679 915 1742 rite
929 1679 1101 1761 dispositae,
1115 1677 1234 1744 Scalam
1248 1679 1328 1742 intra
1341 1683 1428 1760 septa
1442 1678 1505 1743 llo

253 1776 376 1840 nasleril
399 1774 528 1839 orationi
552 1779 669 1838 tantum
690 1773 871 1838 destinatam
892 1774 978 1837 llexis
998 1773 1129 1853 genibus
1150 1773 1351 1838 ascenderint.

334 1868 379 1933 99
399 1867 610 1948 indulgentiae
631 1867 771 1932 similiter
790 1874 907 1950 septem
927 1867 1078 1933 Altarium
1104 1868 1249 1933 basilicae
1275 1869 1442 1932 vaticanae
1463 1867 1504 1932 dc

250 1963 332 2029 llrbe
352 1962 459 2028 iisdem
480 1961 706 2028 conditionibus
726 1963 899 2044 persolutis,
921 1964 1122 2043 visitantibus,
1137 1962 1183 2028 vel
1197 1978 1251 2046 per
1265 1961 1369 2026 Grates
1384 1967 1506 2045 septem

250 2058 364 2124 Altaria
379 2057 538 2124 exterioris
551 2056 714 2135 Ecclesiae,
729 2063 782 2122 aut
797 2057 952 2122 nonnullis
972 2057 1196 2136 deficientibus,
1210 2057 1268 2122 alia
1283 2056 1400 2122 Sacella
1423 2057 1504 2122 intra

254 2153 390 2218 Claustra
411 2152 582 2218 lionasterii
610 2152 781 2231 existentia,
810 2151 901 2233 idque
922 2167 976 2234 per
1002 2153 1162 2217 duodecim
1188 2157 1308 2217 tantum
1328 2151 1396 2216 dies
1425 2153 1506 2216 intra

252 2262 368 2313 annum
389 2247 427 2311 ab
449 2245 608 2311 Ordinario
629 2245 858 2328 persignandos.
884 2247 933 2311 Ec
948 2246 1014 2326 jons
1040 2247 1094 2311 cil:
1122 2245 1212 2310 Brevi
1237 2245 1286 2312 Pii
1313 2245 1362 2324 rt,
1385 2245 1447 2310 diei
1467 2247 1504 2310 11

251 2341 429 2424 Septembris
451 2340 539 2405 1778.

334 2436 398 2501 10.ο
419 2436 557 2500 Plenaria
577 2435 745 2517 unicuique
765 2432 888 2501 bloniali
904 2435 1010 2502 diebus
1026 2437 1223 2500 anniversarii
1245 2435 1434 2518 respectivac
1448 2437 1507 2502 Ve-

253 2535 394 2612 stitionis,
415 2539 445 2597 et
466 2531 664 2597 Proiessionis
686 2533 855 2614 llegulavis,
870 2532 1035 2598 dummodo
1051 2534 1124 2615 ipsis
1140 2533 1248 2597 diebus
1268 2533 1442 2597 Ecclesiam
1455 2547 1507 2615 pa·

253 2631 327 2693 viter
347 2629 457 2706 visitet,
480 2626 582 2708 ibique
601 2628 688 2707 Juxta
710 2636 871 2694 consuetos
892 2629 970 2694 lines
990 2636 1065 2709 oret,
1086 2645 1156 2693 vere
1178 2629 1336 2710 poenitens
1354 2628 1508 2708 contessa,

149 2757 153 2764 ·
255 2723 407 2804 Sacraque
425 2721 541 2800 Synaxi
562 2723 680 2788 relecta.

335 2816 400 2880 ll.⁰
421 2815 557 2880 Plenaria
579 2817 628 2880 die
650 2818 764 2899 primae
786 2817 1014 2885 communionis
1028 2817 1194 2897 Generalis,
1209 2835 1288 2902 quae
1302 2823 1370 2901 post
1383 2819 1510 2885 obitum

253 2911 492 2992 uniuscujusque
519 2911 657 2976 blonialis
682 2915 848 2994 peragitur,
874 2919 908 2978 ut
934 2928 1025 2997 supra
1053 2914 1246 2980 visitantibus
1272 2919 1303 2978 et
1331 2914 1507 2979 orantibus.

256 3005 304 3070 Er
322 3004 482 3086 Rescripta,
497 3005 543 3069 Pii
568 3005 626 3068 Vll
641 3005 691 3088 [el.
712 3023 770 3071 reo.
792 3006 851 3072 diei
872 3009 907 3072 11
929 3009 1016 3073 lesaii
1036 3008 1125 3074 1811.

339 3099 402 3165 12⁰
422 3100 561 3166 Plenarla
581 3101 706 3165 servatis
728 3101 766 3167 de
786 3119 871 3168 more
890 3105 1055 3182 servandis,
1069 3104 1119 3170 die
1141 3105 1349 3170 anniversaria
1368 3105 1509 3186 suscepti

257 3195 446 3276 ltaptlsmatis
457 3195 647 3276 singularum
660 3193 847 3262 blonialium.
861 3197 911 3262 Ee
922 3197 1075 3282 Rescripta
1088 3215 1131 3264 so.
1149 3215 1204 3265 nas.
1219 3199 1327 3264 Leonis
1340 3197 1403 3265 llll
1412 3197 1475 3262 diei
1488 3197 1509 3262 6

257 3287 424 3354 memoris
445 3289 534 3354 tusa.
616 3297 619 3304 ’

337 3382 402 3449 11.1
422 3383 559 3449 Plenaria
581 3385 668 3450 toties
689 3389 810 3467 quoties
831 3387 922 3470 vulgo
943 3387 981 3453 de
1001 3389 1200 3454 Portluncula
1229 3393 1404 3472 nuncupata
1428 3387 1507 3453 inci·

256 3479 366 3563 plenda
380 3496 397 3544 a
412 3480 517 3562 primis
539 3481 670 3563 vesperis
691 3481 752 3546 diei
773 3482 924 3548 secundae
938 3485 1051 3549 mensis
1066 3484 1206 3565 bugasti,
1229 3485 1392 3564 praemissa
1413 3497 1508 3563 opera

256 3574 502 3657 adimplentibus.
523 3575 572 3639 Ee
593 3575 753 3656 Eesoiptia
772 3593 815 3641 so.
835 3594 891 3643 roe.
913 3577 960 3642 Pii
985 3578 1042 3642 Vll
1066 3579 1163 3643 dieii
1190 3578 1354 3644 Decembris
1374 3577 1456 3641 1812
1479 3585 1508 3640 et

258 3667 395 3752 Gregord
414 3669 489 3733 Xlll
505 3668 552 3733 die
573 3669 612 3733 lo
634 3667 767 3735 Oeubris
788 3671 867 3736 1863
888 3681 916 3736 st
936 3673 956 3736 6
977 3673 1144 3739 mormius
1166 3673 1254 3739 1819.

338 3763 402 3828 11.ο
423 3763 615 3844 indulgentia
637 3765 730 3829 unius
749 3768 821 3830 anni
843 3784 898 3850 pro
919 3768 1057 3850 quolibet
1077 3769 1215 3833 Psalterii
1237 3768 1356 3834 Psalmo
1366 3768 1403 3832 ¹in
1418 3767 1508 3833 obilu

257 3857 433 3923 llonialium
455 3858 609 3940 usquead
631 3875 736 3924 earum
757 3862 966 3928 humationem
987 3864 1151 3930 recitando.
1179 3864 1228 3928 Ec
1252 3863 1434 3928 concessione
1460 3861 1509 3926 Pii

258 3951 317 4017 PP.
337 3951 383 4015 lll
400 3951 459 4016 diei
478 3952 518 4017 23
539 3951 667 4034 depasti
689 3954 777 4019 1816.

339 4047 403 4110 16.0
423 4047 634 4128 Indulgentiae
656 4047 828 4114 Stationum
850 4050 950 4130 Urbis,
972 4067 1051 4132 quae
1071 4053 1102 4116 in
1118 4053 1232 4118 blissati
1253 4053 1389 4118 llomano
1410 4051 1505 4116 adno-

259 4145 372 4219 tantur,
394 4142 585 4223 praescriptis
605 4143 834 4210 oondltionibus
854 4146 1030 4226 observatis,
1052 4147 1246 4212 visitantibus
1259 4147 1290 4211 in
1306 4147 1428 4229 propria
1447 4145 1507 4210 llo

259 4235 382 4299 naslerii
406 4235 540 4300 Ecclesia
567 4234 799 4304 Sanctissimum
826 4239 1035 4308 Eucharistiae
1061 4240 1303 4309 Sacramentum.
1323 4241 1373 4308 Ee
1392 4239 1506 4305 Meet

260 4325 355 4408 ejusd.
378 4327 426 4394 Pii
445 4327 490 4394 tlt
507 4328 553 4393 die
574 4329 593 4394 l
613 4331 687 4399 ltoii
707 4333 796 4400 1817.
1011 4333 1015 4346 ’
