3254 4914
324 304 395 374 {06

294 441 352 504 rito
372 437 511 520 dispositi
533 437 655 516 luerint,
678 437 725 500 vel
745 438 853 500 saltem
873 436 1106 502 Sanctissimum
1125 439 1196 500 lesu
1212 438 1328 502 Nomou
1342 437 1425 502 cordo
1437 437 1511 498 siolo

293 533 488 616 nequiverint
509 532 617 597 devoto
638 533 854 611 invocaverint,
875 538 906 595 ct
928 533 1061 613 praelata
1084 531 1167 596 Crux
1185 533 1249 613 jam
1270 533 1361 597 luerit
1378 531 1514 596 benedicta

293 631 332 696 ab
352 630 455 710 aliquo
476 627 637 693 secerdote
658 627 831 691 lacultatem
851 627 993 702 habente.

375 723 422 787 tl.⁰
443 721 636 801 indulgentia
657 721 795 786 l’lenaria
817 721 911 788 semel
933 722 965 784 in
987 738 1068 787 auno
1089 721 1247 786 Fratribus
1267 726 1298 785 ct
1317 721 1437 787 Noriliis
1462 725 1516 782 lan

292 827 370 900 tum,
391 820 444 900 qni
467 819 513 882 nel
533 819 731 899 conjunctim,
754 817 800 881 rel
821 819 984 899 separatim
1004 817 1215 898 spiritualibus
1237 817 1516 884 vacaverintllrerci-

294 915 345 980 tiis
366 929 419 995 per
439 929 503 992 ser,
524 913 571 976 rel
592 917 674 990 octo,
696 913 744 976 rel
767 913 870 994 plures
893 912 975 990 diss,
996 913 1182 992 acquirenda
1203 915 1352 994 ipsanio,
1375 929 1430 995 qua
1449 927 1518 975 saera

293 1011 407 1076 luerint
427 1007 648 1072 Communiune
670 1008 784 1072 relecti.

375 1103 420 1168 69
441 1102 634 1184 indulgentia
654 1109 771 1183 septem
793 1118 944 1166 annorum
965 1101 1152 1184 totidemque
1173 1103 1433 1184 quadragenarum
1462 1101 1520 1164 lra-

295 1200 392 1264 tribus
412 1204 443 1262 et
463 1199 592 1263 Novitiis
614 1197 778 1262 dumtaxat
798 1197 845 1261 bis
867 1199 899 1260 in
920 1213 1024 1262 mense
1045 1196 1190 1262 lucranda
1211 1199 1242 1262 iu
1274 1199 1393 1268 duabus
1421 1201 1521 1262 tantum

296 1293 569 1360 communionibus
590 1309 606 1356 a
628 1291 756 1374 Regalis
771 1292 817 1356 vel
832 1309 886 1376 per
900 1293 1024 1357 modum
1039 1293 1190 1375 praecepti
1206 1294 1250 1358 rel
1265 1309 1319 1376 per
1332 1293 1453 1358 modum
1464 1305 1521 1354 oon·

295 1387 355 1454 silli
376 1388 579 1470 praescriptis.

375 1481 423 1548 75¹
444 1482 637 1562 indulgentia
658 1485 784 1545 contum
805 1481 924 1546 diorum
955 1497 1010 1564 pru
1041 1481 1178 1564 quolibet
1208 1483 1258 1564 pio
1279 1498 1371 1564 opere
1401 1480 1438 1546 ab
1466 1477 1525 1560 ipsis

300 1576 459 1644 Fratribus
479 1593 533 1642 seo
553 1575 681 1641 Norltiis
703 1575 885 1656 peragendo.
926 1615 930 1620 -

376 1672 421 1736 89
442 1671 634 1752 indulgentia
655 1668 794 1734 Planasia
815 1669 967 1748 llumuis,
988 1672 1193 1737 Pensiooarlis
1213 1676 1243 1736 ot
1264 1672 1416 1754 Orpbanis
1440 1667 1525 1733 adole·

299 1767 455 1831 scentibus
478 1767 508 1829 ln
532 1765 756 1829 communitate
778 1765 961 1844 degentibus
982 1767 1032 1830 die
1053 1768 1168 1847 primae
1187 1781 1295 1832 eorum
1314 1762 1528 1832 communionis

299 1863 330 1926 in
353 1862 455 1941 aliquo
476 1859 593 1923 Sacello
614 1859 687 1922 dicti
711 1859 844 1922 lnstitnti
865 1860 1039 1924 sumendae,

378 1953 424 2017 9.⁰
443 1953 583 2017 Declarat
604 1953 729 2033 insuper
751 1953 901 2016 Sanctitas
921 1953 982 2017 Sua
1004 1955 1086 2034 quod
1107 1971 1163 2035 pro
1184 1955 1324 2034 praelatis
1338 1951 1529 2018 Pleuarlislu·

296 2048 463 2128 dulgenliis
487 2047 709 2110 lucrifaciendis
730 2049 895 2128 praemissu
917 2049 1132 2113 sacramentali
1156 2048 1349 2113 Conlessione
1364 2051 1427 2113 sive
1441 2049 1530 2126 singu·

298 2146 334 2208 lis
355 2142 568 2220 hebdomadis,
588 2143 650 2204 sive
672 2158 796 2222 quoqne
817 2145 940 2208 attentis
962 2144 1166 2224 peculiaribus
1190 2144 1428 2208 circumstantiis
1454 2143 1532 2206 eliam

296 2239 344 2303 bis
366 2244 483 2300 tautum
506 2237 536 2299 in
558 2237 660 2300 llleose
682 2236 889 2316 persolvenda,
910 2245 1063 2318 quatenus
1079 2237 1192 2301 nullius
1207 2238 1344 2301 laethalis
1358 2239 1464 2318 culpae
1477 2251 1532 2298 con·

296 2333 352 2396 soii
375 2333 447 2408 sint,
469 2347 529 2395 non
554 2330 645 2394 modo
667 2330 757 2394 Sacra
781 2329 1005 2396 Communioue
1029 2333 1214 2410 reficiuntur,
1236 2348 1341 2396 verum
1372 2334 1464 2397 etiam
1492 2329 1534 2392 ali·

297 2443 391 2508 quam
413 2425 568 2514 publicam
590 2424 755 2488 Ecclesiam
779 2426 910 2504 visitent,
933 2425 1038 2505 ibique
1052 2443 1106 2506 par
1120 2426 1243 2506 aliquod
1257 2429 1404 2508 temporis
1417 2424 1535 2508 spatium

295 2519 383 2601 juxta
404 2525 538 2584 mentem
559 2517 735 2582 sanctitatis
748 2518 828 2584 Suae
850 2521 915 2600 pias
931 2521 968 2584 ad
982 2522 1080 2584 Deum
1095 2535 1198 2600 preces
1218 2521 1391 2598 ellundant3
1406 2537 1461 2602 pro
1480 2535 1534 2600 par·

299 2617 423 2682 tialibus
445 2631 515 2678 veru
537 2613 739 2694 indulgentiis
761 2616 967 2695 acquirendis,
989 2616 1080 2680 cordo
1101 2615 1208 2680 saltem
1228 2616 1290 2678 sint
1309 2617 1443 2680 contriti.

382 2707 799 2772 10.⁰bttanuemiuuulsn
822 2715 855 2772 ut
881 2710 1028 2790 praelatas
1054 2727 1159 2773 omnes
1186 2716 1247 2773 tam
1267 2709 1433 2788 Plenarias‚
1459 2722 1538 2788 quam

299 2805 443 2870 Partlales
464 2803 673 2883 indulgentias
690 2803 868 2884 impertitas,
890 2805 1050 2869 animabus
1064 2821 1186 2886 quoque
1199 2805 1230 2868 io
1246 2803 1427 2885 Purgatoriu
1442 2803 1538 2884 degen-

302 2901 386 2965 tibus
408 2899 619 2980 uuusquisque
639 2899 792 2980 applicare
814 2901 909 2980 possit
929 2905 957 2963 et
980 2899 1085 2966 valeat.

376 3063 611 3138 Praesentibus
637 3065 896 3158 inperpetuum
927 3065 1073 3164 valituris
1099 3065 1229 3156 absque
1253 3059 1320 3138 ulla
1352 3064 1471 3138 Brevis
1496 3081 1542 3135 cr·

295 3175 463 3272 peditibus
479 3181 513 3249 et
529 3194 596 3248 non
623 3175 833 3250 obstantibus
851 3178 885 3250 in
902 3178 1106 3250 contrarium
1122 3177 1319 3251 iacientibus
1336 3177 1544 3268 quibuscun-

295 3309 373 3382 que.
399 3291 519 3362 Datum
545 3289 670 3361 Romae
696 3307 740 3361 ex
766 3290 948 3364 Secretaria
981 3291 1045 3363 Sao
1074 3289 1348 3382 Congregatiouis
1372 3289 1544 3382 lndulguu·

296 3403 417 3475 tlarum
441 3399 497 3474 die
522 3403 569 3471 28
597 3399 738 3493 Augusti
767 3405 871 3475 lull.

921 3515 957 3589 C.
984 3513 1088 3588 Cano.
1115 3512 1334 3588 Cnsrnncnue
1359 3513 1486 3588 Pales.

871 3627 911 3702 A.
941 3627 1131 3704 canonicos
1155 3625 1360 3703 Priozivolli
1386 3626 1525 3702 Sobslil.
