3134 4918
597 395 642 414 -
672 367 739 431 rra
768 396 814 412 -

170 502 215 574 i.⁰
242 503 344 574 nonu
368 517 412 573 ue
436 500 660 594 prurientia
690 499 846 592 specialis
878 499 1031 590 iipsterii
1063 500 1100 572 in
1124 501 1323 575 recitatione

108 615 316 686 salutationis
340 613 538 705 iapeiicae,
563 611 718 694 dicando,
744 613 840 685 uerbi
856 612 986 703 prolia,
999 616 1079 703 posi
1097 611 1182 686 llaec
1197 615 1322 687 volu:

108 727 221 800 leniris
246 727 294 799 tui
319 728 418 799 lesus
435 725 518 799 laec
532 727 624 799 alia:
642 743 745 818 quem
762 725 1024 817 concepissent
1040 743 1142 816 qrrem
1160 725 1324 801 visitando

105 840 269 922 iiisabeiir,
295 839 349 912 uel
374 856 477 929 quem
503 838 661 930 peperisti
687 843 781 911 etot

164 953 234 1024 Sao.
261 950 481 1042 congregatio
505 949 678 1043 respondit
703 948 896 1041 «negative,
923 949 1000 1041 quia
1030 948 1165 1040 quando
1182 950 1322 1042 requiri-

104 1071 148 1136 tur
170 1062 339 1136 meditatio
365 1062 599 1154 mysteriorum
626 1080 687 1154 pro
712 1061 924 1154 acquirendis
950 1061 1177 1153 indulgentie,
1202 1061 1324 1137 sufficit

102 1174 257 1248 meditatio
283 1174 437 1246 mentalis
462 1172 581 1246 endem
607 1180 758 1266 tempore
784 1193 852 1266 qno
876 1174 1057 1247 recitantur
1082 1174 1193 1246 Oratio
1210 1174 1323 1247 Domi-

101 1288 219 1371 nimiis,
237 1295 272 1360 et
288 1287 465 1378 Angeiieae
482 1287 716 1370 salutationes
733 1293 771 1358 ni
786 1305 831 1359 ex
848 1286 911 1358 aiio
928 1288 1068 1358 Decreta
1084 1286 1206 1359 Sacrae
1222 1286 1324 1378 huius

102 1400 364 1492 langregationis
388 1398 454 1471 diei
485 1403 529 1469 i2
555 1399 694 1489 Augusti
721 1403 814 1469 iiiii
833 1399 865 1471 in
884 1416 952 1490 qno
970 1398 1068 1470 etiam
1085 1399 1211 1471 mentio
1228 1398 1265 1470 iit
1281 1399 1324 1472 de
1443 1439 1445 1446 ·

102 1514 242 1604 personis
263 1511 384 1596 idiotis
398 1529 459 1604 pro
473 1510 599 1604 quibos
615 1509 737 1584 sufficit
749 1518 878 1584 taniam
893 1512 1040 1584 recitatio
1054 1511 1180 1584 ilosarii
1194 1511 1323 1604 absque

101 1625 323 1714 lipsteriornm
349 1623 610 1696 meditatione».

164 1734 212 1806 5?
237 1736 297 1807 list
322 1753 365 1806 ne
390 1735 499 1806 libera
524 1735 641 1808 electio
668 1735 926 1826 Musteriorum,
953 1753 1041 1825 puae
1072 1733 1240 1808 loooruri
1265 1734 1323 1808 de·

101 1847 168 1919 leui
190 1848 227 1918 in
252 1845 439 1919 recitandis
465 1847 607 1919 Coronis
632 1849 672 1917 il.
695 1849 742 1919 ni.
768 1848 820 1928 V.,
839 1852 902 1919 aut
918 1845 1048 1918 danim
1064 1865 1106 1918 ne
1123 1845 1194 1920 dies
1209 1848 1324 1922 stricte

101 1957 308 2030 detemninati
328 1976 396 2049 pro
422 1958 504 2039 inii,
531 1959 585 2030 oei
610 1959 674 2030 tuli
706 1975 827 2048 penore
856 1959 1097 2049 mysteriorum
1122 1959 1322 2041 recolenda,

102 2071 144 2141 iia
165 2075 202 2142 ut
227 2071 292 2142 tali
317 2068 372 2141 dle
397 2068 623 2142 determinato
648 2071 754 2142 recoli
779 2069 924 2142 deleant
949 2071 1114 2160 ilipsleriu
1133 2070 1322 2154 Gaudiosu,

102 2183 159 2254 lali
180 2181 234 2255 die
260 2183 442 2264 liniarosa,
469 2182 534 2253 tuli
559 2179 614 2252 die
641 2182 829 2253 Gloriosa?

164 2291 397 2386 despondetur
421 2291 650 2364 unffirmative
667 2291 780 2383 quoad
796 2292 938 2384 primam
952 2297 1101 2384 pariem;
1116 2293 1227 2384 quroad
1244 2312 1324 2368 sero

99 2406 283 2488 modam,
314 2404 451 2476 invaluit
476 2403 684 2476 consuetodo
709 2406 767 2492 (ut
790 2422 852 2495 per
876 2403 984 2495 girum
1006 2404 1183 2496 cujnsiiiuet
1198 2405 1325 2478 hebdo-

98 2515 205 2590 madae
229 2515 362 2607 singuia
385 2515 539 2606 Mysloria
557 2516 813 2607 percurrantur)
830 2515 996 2588 recolendi
1014 2515 1181 2589 Gaudiosa
1197 2535 1321 2608 nempe

99 2629 127 2701 in
150 2625 308 2711 secunda,
335 2635 369 2700 ei
393 2627 508 2719 quinia
534 2627 637 2698 teria:
668 2627 828 2700 Dolorosa
853 2628 887 2700 in
912 2629 1006 2700 teriia
1033 2635 1066 2700 et
1090 2635 1211 2702 serta:
1249 2629 1324 2702 Gio

98 2743 175 2814 riosa
199 2740 336 2814 tandem
362 2740 396 2812 in
422 2739 604 2822 dominica,
630 2745 748 2829 quarta
781 2739 876 2824 teria,
910 2748 944 2813 ei
976 2741 1126 2825 sabatho,
1157 2742 1186 2814 si
1212 2748 1323 2817 mmen

98 2855 183 2927 tertia
207 2860 337 2927 tantum
363 2851 491 2924 Rosam
517 2870 595 2944 pars
621 2852 654 2922 in
681 2852 828 2943 qualibet
853 2851 908 2926 die
932 2854 1134 2928 recitetur».

165 2965 214 3038 d?
242 2963 388 3051 mundo
415 2965 574 3037 susumus
595 2963 751 3054 Pontifex
768 2963 1024 3057 indulgentiam
1041 2968 1228 3057 mentiret
1244 2987 1323 3042 cou-

98 3075 178 3150 cedit
204 3078 306 3158 Urbi,
333 3081 365 3148 el
391 3076 493 3156 Orbi,
520 3080 557 3146 ut
581 3073 697 3168 firleles
729 3077 834 3148 talene
866 3075 1122 3169 indulgentium
1147 3079 1184 3150 in
1215 3081 1324 3152 uariis

98 3189 303 3262 dioecesibus
329 3188 460 3260 lucrari
479 3187 623 3279 possint,
650 3189 837 3278 requiritur
861 3206 903 3260 ne
928 3193 966 3260 ut
992 3187 1080 3262 laec
1103 3188 1324 3282 induigentia

97 3303 135 3372 uir
161 3300 358 3374 mainonis
382 3301 552 3372 Locorum
574 3300 832 3391 promulpctur,
859 3319 907 3372 un
931 3299 1051 3392 suffieit
1083 3319 1101 3372 e
1131 3307 1253 3375 eontra
1286 3309 1325 3375 ut

97 3413 171 3484 certi
195 3413 263 3485 out
283 3410 505 3504 praedictum
528 3409 785 3502 indulgentiam
810 3431 834 3483 u
861 3413 1000 3484 Summo
1029 3412 1191 3506 Pantitae
1221 3412 1324 3506 fuisse

96 3526 309 3598 concessum?

162 3633 397 3730 despondetur
420 3635 610 3726 ‹Negatire
634 3636 747 3728 quoad
776 3637 917 3731 primam
949 3645 1104 3730 partem«
1119 3634 1323 3714 affirmative

99 3749 204 3839 quoad
227 3748 412 3822 secundam
432 3775 467 3819 ι.
493 3748 553 3821 Die
581 3754 596 3818 i
626 3749 703 3822 lolii
731 3753 837 3822 ¹839.

628 3945 782 4018 cdxcii.

585 4090 816 4144 nnnnountt.

160 4195 307 4270 Instabat
332 4193 566 4270 iihednnonsis
590 4195 738 4269 Antisies
763 4197 806 4268 ad
830 4197 965 4268 Sacram
988 4143 1076 4268 nano
1100 4194 1322 4290 induigentia·

96 4321 180 4392 mm,
206 4314 240 4381 ei
264 4309 441 4380 sacrarum
467 4307 693 4400 Reliquiarum
727 4307 1044 4400 congregationem,
1070 4315 1108 4382 ut
1132 4316 1319 4404 opportune
