3182 4922
829 355 874 370 -
903 322 972 388 ane
1001 353 1048 370 -

843 513 1004 586 llcllllV.

786 671 878 726 oncis
903 670 945 722 nr
971 669 1063 724 onnrs

374 795 462 867 cum
488 792 531 865 ad
555 789 1026 892 indulgendasaequtrendas
1051 807 1215 882 persaepe
1240 789 1407 882 contingat,
1430 791 1509 864 utiu-

300 912 350 979 ter
375 905 598 996 praescriptas
624 902 842 986 conditiones,
868 900 1000 974 uocales
1027 919 1163 992 quoque
1181 919 1298 992 preces
1313 901 1507 993 iniungantur,

298 1016 487 1110 postulante
512 1015 786 1111 Eminentissimo
812 1021 846 1088 et
877 1011 1170 1088 llerorendissimo
1201 1013 1342 1085 Domino
1372 1013 1508 1086 cardinali

297 1129 421 1202 tanobo
446 1127 569 1202 llloisio
594 1127 748 1218 Brignole
774 1127 822 1199 Pii
848 1125 991 1200 instituti
1022 1123 1209 1198 Sardorum
1234 1143 1273 1198 ac
1304 1125 1457 1198 illutmum
1482 1125 1509 1196 in

298 1241 389 1318 Urbe
413 1242 613 1324 Proiectum,
641 1257 719 1312 cum
745 1239 845 1312 etiam
870 1237 985 1330 plures
1010 1236 1238 1312 ltloderatores
1263 1237 1381 1310 horum
1403 1235 1510 1310 lnstitu·

297 1359 408 1426 torum
435 1351 581 1445 idipsum
608 1351 707 1424 enixe
733 1349 983 1443 postulaverint,
1002 1348 1211 1441 propositum
1228 1347 1291 1422 luit
1306 1349 1435 1422 dubium
1449 1347 1510 1420 huic

299 1465 420 1540 Sacrae
445 1463 699 1555 congregationi
726 1460 1009 1552 indulgentiarum
1036 1488 1049 1522 ι
1074 1466 1128 1534 ln
1153 1466 1186 1534 et
1213 1459 1381 1552 quomodo
1406 1457 1508 1540 cnudo·

299 1577 387 1651 Muti
411 1578 568 1670 supplere
593 1577 733 1649 octenni
758 1576 990 1667 impotentiae,
1019 1592 1088 1664 quo
1114 1572 1307 1646 detinentur
1327 1572 1510 1666 prensant-

298 1689 398 1763 tondi
421 1709 485 1782 pro
511 1686 737 1780 Indulgentiae
761 1685 979 1778 acquirendis
1004 1687 1232 1776 injunctnai·
1257 1687 1307 1759 lte
1324 1692 1443 1758 mature
1457 1681 1508 1754 dis·

298 1819 396 1873 cussa
422 1807 493 1872 tum
519 1800 612 1892 prius
638 1799 679 1870 ab
707 1817 774 1870 uno
801 1817 844 1870 ex
871 1797 1036 1888 praelatae
1061 1797 1335 1888 congregationis
1365 1795 1510 1868 Consulto

297 1912 400 1994 ribus,
428 1918 499 1983 tum
525 1909 662 1983 demum
688 1909 730 1981 ab
756 1908 1038 1982 Eminentissimis
1063 1908 1217 1980 Patribus
1246 1910 1281 1979 in
1308 1907 1446 1980 comitiis
1467 1923 1510 1993 go·

295 2022 464 2096 neralihus
490 2021 580 2114 apud
605 2021 780 2096 Vaticanas
807 2020 908 2094 AEdes
934 2019 989 2092 die
1017 2023 1061 2091 lc
1079 2020 1250 2092 Februarii
1268 2019 1450 2113 lrujnsanni
1466 2019 1510 2088 tra

293 2135 386 2219 uitis,
413 2133 479 2226 lpsi
504 2134 767 2208 Eminenlissimi
790 2134 906 2206 Patres
924 2131 1075 2223 eiusdem
1094 2131 1302 2205 Consultoris
1320 2140 1395 2208 vnto
1411 2131 1510 2206 adlae-

295 2254 407 2322 rentes
433 2246 703 2340 responderunt:
729 2244 1020 2337 «supplicandum
1053 2245 1271 2317 sanctissimo
1305 2241 1510 2338 progenerati

292 2361 435 2436 Decreto
461 2359 502 2433 ab
528 2361 591 2432 hac
616 2358 716 2432 Sacra
742 2358 1006 2450 congregatione
1032 2357 1238 2449 evulgando,
1267 2365 1369 2450 atque
1393 2357 1510 2450 npnsn

295 2471 357 2544 lica
382 2471 584 2544 Auctoritate
610 2467 785 2552 firmando,
812 2469 909 2560 cuius
927 2467 958 2539 vi
976 2467 1216 2540 statuendum»
1240 2474 1272 2542 l.
1291 2467 1388 2556 Quod
1403 2468 1430 2540 si
1444 2467 1511 2538 inter

295 2601 397 2674 opera
423 2601 482 2674 pro
508 2581 666 2653 lucranda
692 2580 898 2671 indulgentia
925 2579 1126 2674 praescripta
1152 2580 1197 2652 sit
1223 2581 1366 2654 visitatio
1396 2579 1511 2669 alicuius

294 2695 472 2778 Ecclesiae,
499 2691 706 2765 surdo-illoti
731 2692 914 2766 Ecclesiam
939 2692 1047 2784 ipsam
1075 2691 1185 2765 deuoti
1201 2693 1513 2768 visitareteneanlnn

294 2806 370 2878 licet
395 2809 542 2878 mentem
569 2809 696 2878 tantum
723 2805 758 2876 in
783 2806 890 2876 Deum
917 2803 1062 2888 alerent,
1081 2804 1201 2896 etpios
1218 2803 1370 2878 allectus.
1389 2810 1419 2876 2.
1436 2798 1512 2890 Quod

293 2917 322 2989 si
348 2915 433 2989 inter
458 2934 559 3007 opera
584 2916 650 2988 sint
675 2915 828 3008 publicae
853 2933 989 3007 preces,
1015 2914 1219 2988 surdo-Muti
1249 2918 1383 3008 possint
1414 2911 1511 2988 lucrari

293 3027 518 3120 indulgentias
544 3027 584 3099 iis
610 3027 759 3100 adnexas
785 3045 925 3119 corpore
951 3025 1089 3118 quidem
1115 3028 1284 3118 conjuncti
1298 3027 1434 3102 caeteris
1449 3023 1511 3096 ilde

291 3137 380 3211 libus
406 3134 439 3209 in
466 3137 586 3210 eodem
602 3137 676 3210 loco
694 3139 877 3222 orantibus,
892 3138 955 3211 sed
967 3139 1090 3231 pariter·
1104 3147 1215 3212 mente
1229 3147 1360 3214 tantum
1378 3142 1409 3214 in
1424 3141 1510 3212 Deum

292 3251 437 3336 elevata,
469 3255 503 3323 et
528 3251 591 3344 piis
618 3250 727 3324 cordis
753 3251 937 3325 allectibus.
966 3256 998 3324 3.
1026 3251 1176 3338 Quodsi
1202 3261 1321 3345 agatur
1338 3251 1463 3327 tandem
1480 3245 1511 3320 de

290 3362 428 3456 privatis
462 3362 686 3448 orationibus,
713 3363 836 3456 proprii
862 3365 1029 3438 Motorum
1057 3371 1089 3437 et
1115 3362 1302 3439 surdorum
1336 3359 1509 3438 contesseri

292 3474 423 3548 valeant
447 3473 583 3548 easdem
610 3473 777 3548 orationes
803 3482 1009 3548 commutare
1042 3475 1076 3548 in
1110 3475 1171 3548 alia
1204 3477 1259 3569 pia
1291 3496 1394 3570 opera
1421 3475 1510 3564 alque

292 3585 392 3658 modo
419 3584 637 3668 manifestata,
664 3592 764 3677 prout
789 3587 823 3659 in
848 3588 991 3659 Domino
1013 3587 1172 3680 expedire
1187 3587 1417 3678 iudicaverint.
1433 3587 1509 3657 Facta

291 3697 403 3789 itaque
428 3695 471 3770 de
485 3695 640 3790 praelatis
654 3698 810 3772 omnibus
824 3699 1042 3772 sanctissimo
1056 3700 1198 3772 Domino
1209 3699 1332 3773 Nostro
1346 3701 1403 3772 Pio
1415 3693 1508 3770 PPlll

290 3825 351 3900 per
376 3827 432 3881 me
456 3807 702 3900 infrascriptum
729 3809 802 3882 Sao.
829 3810 1103 3904 congregationis
1120 3811 1405 3904 indulgentiarum
1420 3804 1510 3882 cardi

289 3919 400 3993 nalem
426 3917 632 3994 Praefectum
658 3921 817 3996 relatione
841 3923 877 3995 in
902 3922 1078 3996 Audienda
1096 3922 1161 3995 diei
1182 3928 1226 3993 td
1244 3924 1352 3997 llartii
1369 3917 1509 3996 currentis

291 4031 386 4116 anni,
413 4032 575 4108 Sanctitas
601 4034 668 4106 Sua
694 4053 761 4107 non
793 4035 895 4108 modo
927 4035 1134 4128 praedictum
1168 4040 1282 4107 votum
1317 4030 1508 4128 approbant,

289 4161 407 4217 rerum
434 4138 532 4220 etiam
559 4146 751 4238 huiusmodi
776 4149 921 4220 Gratiam
955 4167 993 4222 ac
1026 4147 1284 4222 Concessiouem
1318 4149 1509 4240 peramanter

289 4255 459 4347 elargitam
485 4277 546 4352 per
570 4260 725 4350 generate
749 4263 926 4336 Decretum
952 4260 1113 4356 publicari
1139 4257 1318 4333 mandarit.
