3182 4922
766 342 983 408 -ast-

262 477 420 570 precibus
445 495 485 548 ao
510 475 732 567 emmospnts
757 475 800 548 ad
825 477 928 548 linem
952 475 1161 568 praeclarum
1184 473 1372 548 Catholicae
1405 473 1493 547 Fidei

262 589 509 682 propagationis
534 594 744 672 concurrant,
769 607 813 660 ac·
833 587 1049 680 indulgentiis
1074 595 1108 662 et
1131 587 1252 661 Gratiis
1278 607 1298 660 a
1321 587 1378 679 pla
1391 587 1495 660 liatre

262 702 410 776 Ecclesia
442 701 578 795 copiose
610 701 779 775 concessis
811 701 1033 793 perimantur.
1068 702 1278 793 Quapropter
1309 701 1496 772 animarum

263 817 434 898 Pastores,
462 821 495 888 et
508 815 698 907 ,praecipue
730 815 893 887 Locorum
928 813 1110 896 oroncii,
1135 813 1228 888 Fidei
1253 831 1292 886 ac
1316 811 1496 902 Religionis

262 927 449 1002 dilatandae
474 926 545 1000 zelo
569 925 723 1000 succensi
749 926 860 1000 verbis
886 934 920 1000 et
943 927 1076 1018 scriptis
1100 925 1254 998 subditos
1284 925 1349 998 sibi
1380 924 1497 998 fideles

262 1039 306 1112 ad
329 1040 538 1132 praeclarum
555 1057 642 1132 opus
658 1038 939 1112 substentandum
963 1039 1182 1121 intlamment,
1200 1045 1235 1110 et
1258 1037 1359 1110 simul
1380 1053 1498 1109 omma

262 1168 392 1244 preces,
417 1152 744 1243 supplicationesque
770 1150 859 1243 apud
884 1151 992 1224 Deum
1009 1152 1141 1234 latrem
1163 1151 1441 1242 omnipotentem
1457 1147 1500 1220 oi·

244 1265 350 1340 terre
375 1264 524 1356 qnotidie
549 1279 617 1338 non
642 1269 784 1348 cessent,
812 1271 848 1337 ut
872 1282 950 1336 cum
974 1264 1096 1336 messis
1112 1263 1217 1336 multa
1233 1263 1287 1346 sit,
1304 1261 1442 1335 mittere
1457 1259 1501 1334 di·

264 1384 385 1468 gnotur
410 1377 579 1470 operarios
603 1376 638 1448 in
664 1377 798 1449 vineam
822 1393 930 1459 suam,
948 1383 982 1448 et
998 1375 1197 1470 opportunis
1213 1375 1392 1448 subveniat
1413 1373 1502 1451 auxi·

265 1487 317 1562 llis
343 1487 385 1562 ad
411 1507 513 1562 onera
538 1489 684 1580 lugentia
714 1489 842 1580 ubique
874 1495 1039 1562 terramm
1071 1487 1270 1582 perieranda
1294 1505 1357 1581 pro
1384 1485 1501 1579 majori

267 1601 448 1675 catholicae
474 1601 642 1675 Ecclesiae
666 1601 866 1684 dilatatione,
892 1608 930 1675 ut
954 1601 1111 1676 omnibns
1143 1601 1278 1674 undem
1310 1598 1503 1672 nominibus

267 1713 301 1784 in
326 1713 487 1788 unitatem
511 1713 590 1787 fidel
616 1713 867 1787 occurrentibus
892 1713 950 1786 fiat
974 1733 1080 1787 unum
1094 1713 1191 1797 ovile,
1210 1720 1244 1788 et
1266 1731 1357 1786 unns
1374 1713 1501 1784 Pastor.

268 1825 436 1898 Praesenti
462 1827 496 1898 in
521 1833 722 1918 perpetuum
748 1826 899 1910 valituro,
917 1825 1046 1918 absque
1063 1827 1129 1899 nlla
1146 1826 1260 1900 Breuis
1275 1822 1502 1918 expeditione.

340 1939 465 2012 Datum
486 1940 611 2012 ltomae
636 1957 680 2012 ex
693 1939 818 2012 Secret.
836 1940 909 2012 Sac.
927 1939 1201 2032 congregationis
1218 1937 1505 2030 indulgentiarum

267 2049 322 2124 ute
348 2057 369 2122 a
397 2052 537 2144 Augusti
566 2057 671 2124 root.

916 2165 951 2238 l'.
978 2164 1082 2238 Cano.
1108 2165 1281 2247 Asounmus
1305 2164 1436 2236 Pnanr.

985 2280 1025 2352 Α.
1055 2278 1215 2352 Colomlro
1242 2279 1368 2352 secret.

789 2471 932 2544 liclil'l.

749 2618 841 2671 uanos
867 2619 908 2676 nc
933 2616 1026 2674 onors
1385 2655 1392 2664 .

345 2723 430 2800 Cum
444 2721 753 2797 Reverendlssimus
771 2726 806 2798 P.
825 2727 1037 2819 Praepositus
1050 2725 1222 2800 Generalis
1238 2726 1417 2800 societatis
1429 2726 1507 2799 iesu

271 2835 455 2922 humillime
479 2835 702 2927 exposuisset,
720 2839 899 2912 nonnullos
916 2839 1068 2931 ejusdem
1086 2839 1259 2914 societatis
1276 2839 1437 2916 alumnos
1461 2839 1508 2910 in·

272 2947 447 3020 stituendls
464 2948 498 3020 ln
517 2947 636 3040 pietate
649 2955 682 3022 et
695 2950 810 3024 titteris
827 2949 1094 3026 adolescentibus
1107 2953 1320 3044 potissimum
1347 2950 1510 3032 addictos,

274 3059 318 3132 ad
341 3059 517 3134 elidendos
536 3069 674 3134 conatus
691 3063 815 3136 inimici
832 3063 998 3137 humanae
1012 3072 1163 3149 naturae,
1181 3065 1240 3156 qui
1257 3064 1353 3136 malls
1371 3064 1509 3144 artibus,

273 3172 483 3264 instigatione
500 3180 534 3246 et
549 3174 694 3248 consiliis
719 3193 899 3268 pravorum
915 3175 1068 3268 ejusdem
1094 3178 1209 3256 aetatis
1225 3176 1408 3260 sociorum,
1427 3177 1512 3267 ipso

273 3301 349 3358 rum
367 3285 467 3358 etlam
484 3302 552 3362 non
568 3303 643 3358 raro
660 3295 836 3379 parentum
853 3289 1017 3380 exemplis
1034 3290 1069 3361 ln
1093 3290 1286 3382 perniciem,
1313 3287 1511 3380 praesertin

273 3397 317 3470 ud
342 3415 452 3472 mores
478 3397 656 3472 dissolutos
681 3399 813 3474 trahere
838 3418 897 3473 eos
922 3401 1047 3487 nititur,
1078 3402 1391 3495 praesentissimum
1420 3399 1510 3472 auxi·

273 3511 355 3587 llum
380 3529 417 3584 se
442 3511 613 3585 habituros
639 3511 818 3586 confidere.
832 3513 863 3586 si
886 3513 969 3605 ipsis
986 3514 1156 3588 insinuare
1173 3515 1315 3598 valeant,
1341 3519 1379 3586 nt
1407 3514 1444 3586 in
1461 3529 1513 3604 pe

274 3623 386 3698 riculis
411 3641 472 3698 seu
498 3623 733 3704 tentationibus
751 3631 865 3698 contra
882 3625 1067 3703 castitatem
1084 3626 1126 3700 ad
1143 3628 1262 3702 Beatae
1279 3624 1431 3717 Virginis
1448 3623 1511 3698 lla*

275 3737 343 3824 riae
368 3737 587 3830 patrocinium
611 3737 819 3829 confugiant;
846 3755 991 3830 cumque
1010 3740 1053 3812 ad
1069 3740 1159 3814 huno
1175 3740 1278 3814 finem
1303 3755 1512 3830 consequen

276 3849 358 3924 dum
391 3849 453 3942 ipsi
480 3849 653 3922 societatis
685 3852 765 3924 lesu
795 3852 919 3925 alumni
951 3860 1255 3946 praeopportunam
1281 3869 1359 3926 esse
1384 3847 1514 3944 experti

130 4043 133 4052 ¹
276 3962 342 4034 sint
366 3963 497 4054 praxim
523 3963 682 4036 recitandi
707 3971 856 4038 mancei
874 3983 1014 4057 uespere
1038 3973 1115 4059 post
1139 3965 1380 4038 Salutationem
1407 3965 1514 4052 lnge

276 4073 373 4146 licam
392 4075 569 4166 praelatam
588 4076 788 4150 orationem:
808 4079 836 4149 0
854 4079 1003 4152 Domino
1019 4085 1117 4152 πιθα]
1137 4079 1295 4154 OMotcr
1316 4082 1415 4150 πιθα]
1446 4073 1516 4148 ilbi

276 4203 330 4257 πιθ
358 4189 467 4258 tetum
493 4193 554 4260 etc.
578 4195 615 4260 et
639 4188 673 4260 in
700 4188 817 4278 quavis
843 4190 1022 4264 tentatione
1054 4189 1299 4283 aspirationem
1325 4189 1515 4264 breviorem

280 4297 309 4368 0
334 4297 486 4371 Domino
511 4304 609 4374 πιθα]
637 4301 802 4378 OMotcr
817 4305 914 4378 πιθα]
939 4303 1107 4380 Memmio
1124 4321 1179 4380 ιιιθ
1194 4309 1274 4388 etc,
1301 4299 1379 4376 irinc
1393 4315 1515 4393 supra·
