3164 4926
600 365 818 434 -rrr-

163 497 234 570 Sao.
259 498 483 590 congegatio
506 499 573 576 sub
597 499 653 574 die
677 506 723 573 tt
750 501 827 574 iulii
854 501 949 574 listi
974 502 1147 595 respondit

161 609 212 682 ld
240 613 303 682 tln
314 611 476 702 Negatiro
487 611 529 684 ad
540 609 684 704 primam
695 620 837 706 partem,
851 612 1057 690 lffirmaure
1069 615 1114 688 ad
1125 615 1320 692 secundam.

158 721 210 795 lid
227 727 291 796 2¹¹¹
307 723 543 800 inobedientes
556 725 630 819 ipso
644 725 729 800 lactc
742 727 893 802 amittant
905 727 1093 804 facultatem
1106 729 1319 823 aggregandi.

158 1065 223 1132 tl¹¹
247 1063 304 1133 Au
329 1063 486 1137 &sunu
510 1063 655 1155 aiicujus
685 1063 826 1140 Ordinis
847 1065 887 1138 ic
912 1065 1034 1158 guidus
1058 1083 1128 1140 eoa
1151 1068 1324 1162 reperitur

95 1173 205 1246 liure
232 1175 268 1246 S.
296 1175 516 1258 lieadutcris,
543 1177 600 1249 cui
624 1195 816 1252 cuuoeuuru
841 1182 890 1250 est
910 1179 1133 1272 priuilegium
1150 1177 1322 1270 quotidin-

92 1303 164 1355 mre
187 1292 405 1378 perpacem,
423 1289 568 1382 sufficiet
579 1307 733 1381 porcum
762 1289 938 1364 Tenelium
955 1292 990 1364 S.
1012 1291 1247 1364 Fuudutor'em
1268 1310 1321 1364 re·

90 1401 365 1487 irmionem
391 1401 440 1472 iu'
454 1401 595 1474 oderim
621 1403 740 1476 Sancti
765 1403 839 1474 Arc
872 1403 1052 1486 codcccre,
1078 1408 1118 1476 ut
1137 1403 1322 1497 priuilegio

92 1507 260 1582 comem
283 1511 417 1602 possint
440 1511 622 1605 gaudee?
646 1515 692 1586 lli
716 1517 882 1604 quotenus
907 1515 1075 1608 argutiae.
1186 1521 1188 1526 ’

154 1626 226 1694 2¹¹¹
254 1622 434 1707 Quomodo
456 1623 740 1717 gravidandam?

152 1735 232 1809 Sec.
260 1734 483 1830 congregatio
505 1737 571 1812 suls
596 1737 652 1838 die
677 1743 723 1811 sl
750 1739 826 1813 iulii
853 1743 948 1812 litu
973 1739 1147 1833 respondit

152 1846 212 1920 lo
238 1852 304 1920 l.¹²¹
328 1849 497 1940 Negatiue.
901 1855 903 1860 ’

151 1957 211 2034 Ad
235 1965 301 2034 2¹³
325 1963 510 2040 Recurrant
533 1963 569 2038 iu
594 1965 728 2040 ensibus
752 1964 1017 2059 particularibus.

624 2161 784 2238 CCXXX.

155 2299 201 2372 tlt
216 2299 254 2374 in
270 2301 571 2394 aggregationem
586 2301 822 2376 sodalitiorum
831 2303 881 2376 *an
897 2299 1323 2378 Archimnlraternitatibus

89 2407 245 2486 tuendis
272 2414 385 2488 omnia
401 2415 463 2488 rite
479 2421 637 2508 reumque
661 2421 874 2507 peragantur,
890 2414 997 2507 plura,
1015 2420 1088 2486 tum
1104 2412 1323 2486 summorum
1436 2433 1439 2440 ·

89 2521 298 2610 rmrfflcum,
322 2533 397 2600 tum
422 2528 495 2600 Sao.
513 2527 615 2618 hujus
635 2526 907 2619 congregationis
933 2525 1152 2599 sduherrima
1167 2521 1324 2616 prodiere

88 2631 235 2721 Decreta
264 2643 298 2709 et
321 2639 517 2730 pracsertim
543 2637 587 2710 ad
601 2638 840 2712 removendam
857 2638 964 2730 turpis
989 2636 1073 2710 lumi
1093 2635 1323 2729 suspicionem
1430 2671 1438 2680 ·

88 2747 210 2837 pluries
230 2756 369 2822 mutum
383 2757 445 2834 est
460 2757 498 2824 ut
513 2750 549 2822 iu
565 2751 798 2844 expedictione
813 2751 1011 2824 Litterarum
1029 2749 1217 2824 Potentiam
1234 2765 1322 2820 nun·

90 2867 196 2952 cupm
220 2861 487 2953 aggregationis,
515 2880 577 2936 seu
597 2863 709 2954 potius
732 2882 796 2955 pro
814 2861 973 2956 expensis
989 2861 1137 2954 desuper
1153 2857 1323 2944 tacendis,

89 2989 209 3065 nempe
222 2991 287 3066 pro
301 2975 516 3066 Pergamena,
534 2975 715 3068 scriptura,
730 2975 854 3066 Sigillu
869 2973 1033 3067 capsulis,
1047 2971 1212 3057 cmduls,
1228 2970 1323 3052 Cera,

91 3081 261 3170 intortitm,
286 3087 472 3172 secretarii,
489 3087 682 3180 Notariique
698 3087 822 3171 miore,
840 3087 895 3160 vel
910 3083 1078 3167 mercede,
1096 3083 1238 3174 aisque
1255 3099 1326 3154 um·

92 3197 187 3271 mom
212 3199 497 3292 quibuscumque,
522 3199 606 3272 nihil
630 3201 767 3272 omniuo
793 3199 879 3272 ultra
900 3215 1006 3272 unum
1031 3201 1166 3270 scutum
1183 3205 1325 3268 aureum

91 3327 149 3400 pto
172 3311 307 3403 singula
331 3312 585 3405 aggregatione,
606 3311 827 3396 institutione,
842 3307 1179 3390 velcomlrmatione,
1205 3303 1326 3396 quovis

95 3430 279 3512 umento,
306 3424 427 3509 coiere,
445 3431 503 3498 aut
526 3424 632 3509 ululo,
651 3425 751 3498 etiam
777 3424 1010 3516 eleemosynae
1036 3419 1136 3510 exigi·
1150 3422 1208 3494 aut
1223 3414 1329 3506 recipi

96 3535 234 3620 sumni,
262 3537 328 3612 suh
345 3537 463 3631 poeuis
488 3540 562 3630 ipso
578 3537 664 3610 lacto
681 3536 901 3622 incurrendis,
919 3533 1077 3609 nulimtis
1094 3529 1247 3604 uidelicet
1263 3525 1329 3616 lg-

99 3651 315 3740 gtcgatiunis,
333 3650 558 3724 ammissionis
582 3649 878 3742 indulgentiarum,
903 3654 937 3722 et
961 3644 1182 3740 spiritualium
1212 3639 1329 3732 gratia-

96 3775 167 3832 rum
189 3763 226 3835 in
252 3763 552 3856 Aggregationibus
577 3769 819 3848 contentarum,
846 3763 926 3834 item
951 3757 1147 3853 privationis
1164 3751 1328 3826 facultatis

98 3874 304 3966 aggregandi,
332 3882 365 3948 et
381 3875 580 3955 officiorum,
605 3893 668 3948 uec
685 3893 754 3948 non
780 3872 994 3948 inhabilitatis
1012 3868 1055 3942 od
1076 3866 1193 3942 eadem
1212 3861 1329 3938 Officia

97 3981 323 4078 itlpostem
349 3987 547 4072 ohduenda,
578 3985 691 4080 quoad
714 3987 894 4070 Ministros,
921 3982 1129 4077 Superiores,
1148 3975 1328 4060 Officiales,

100 4095 241 4192 alisque
266 4107 381 4174 conta
406 4099 600 4192 hujusmodi
626 4101 804 4172 Decretum
821 4099 930 4172 lacero
955 4093 1222 4188 praesumentes,
1242 4101 1331 4178 quae

101 4211 229 4284 anulo
252 4211 316 4286 alio
340 4211 406 4286 nisi
431 4231 452 4284 a
476 4213 627 4288 Romano
652 4209 813 4284 Pantilioe
838 4227 900 4303 pro
920 4184 1071 4298 tempore
1097 4200 1263 4276 existente
1280 4213 1331 4270 re·

104 4319 182 4396 miti
205 4325 344 4410 rusam,
362 4323 502 4418 elisum
528 4325 628 4404 etiam
644 4323 709 4402 suh
726 4321 936 4418 grauioribus
954 4317 1074 4416 poeuis
1091 4311 1227 4390 arbitrio
1244 4308 1331 4400 ejus·

218 4441 261 4509 li
