3134 4918
799 346 1017 412 -420-

873 537 942 608 llll.

792 694 907 748 sancus
932 694 1028 748 mona
1122 645 1130 656 ¹

364 814 551 908 Episcopus
577 815 611 886 S.
637 815 733 887 Fieri
757 815 794 887 in
820 815 1099 908 Gallia-quaerit
1122 818 1238 886 ulrum
1262 831 1325 907 per
1342 815 1498 907 induunt·

291 929 378 1001 tiam
402 927 519 1000 Alteri
542 926 766 1018 Priaileqiato
799 926 975 1000 camma
991 925 1215 1018 matimonda
1237 928 1281 999 sit
1303 927 1500 1020 induiqesttia

287 1039 457 1114 Plattoria
480 1039 637 1111 animam
661 1040 779 1110 statim
805 1039 954 1113 liberares
979 1041 1024 1112 ao
1050 1039 1206 1112 omnibus
1230 1040 1427 1130 Purqalerii
1437 1059 1502 1132 poe·

288 1152 361 1233 nis,
388 1170 437 1222 an
460 1169 542 1223 aero
568 1155 702 1223 tamam
728 1150 948 1242 indutqentia
973 1150 1146 1242 quaedam
1170 1149 1357 1224 meandum
1379 1152 1502 1224 munte

289 1261 548 1336 Misericordiae
573 1263 831 1354 Beneplocitnm
854 1262 1097 1355 applicanda?

302 1438 304 1448 .
363 1373 437 1445 Sao.
464 1373 694 1464 Congregatin,
712 1373 797 1444 uotis
814 1373 1051 1448 consultorum
1076 1373 1209 1458 auditu,
1234 1373 1407 1467 rmpnndit
1428 1376 1503 1446 «Per

288 1485 531 1577 indulgentiam
556 1485 659 1557 Alteri
675 1484 882 1575 privilegiato
899 1485 1077 1568 adnexam,
1099 1486 1129 1556 si
1144 1491 1315 1577 spectetur
1329 1505 1426 1560 mens
1440 1503 1503 1558 mn·

288 1598 450 1682 sedentis,
468 1605 503 1670 et
519 1615 602 1670 usus
627 1597 769 1668 clavium
786 1599 969 1688 potestatis,
990 1597 1237 1689 intelligendam
1254 1616 1332 1671 esse
1349 1599 1503 1689 indulgen·

289 1710 367 1780 tiam
394 1708 589 1791 Planasiam,
616 1726 703 1798 quae
723 1709 873 1780 ,animam
899 1711 1010 1782 statim
1037 1710 1155 1782 liberet
1183 1710 1226 1784 ab
1259 1712 1416 1784 omnibus
1438 1713 1503 1782 Pur·

288 1821 404 1912 gaterii
431 1819 564 1912 paenis;
585 1820 613 1890 si
630 1837 711 1891 uero
728 1827 897 1910 spectetur
913 1821 1142 1912 applicationis
1165 1822 1317 1906 eumne,
1345 1822 1503 1914 intelliges

288 1931 476 2004 dam-esse
508 1930 761 2022 indulgentiam,
794 1933 890 2024 eujus
923 1951 1081 2006 mensura
1112 1933 1250 2016 Divinae
1279 1933 1504 2006 Misericordiae

286 2045 511 2137 Beneuento,
538 2051 572 2116 et
596 2045 813 2136 acceptatinni
838 2044 1045 2137 respondet·
1071 2047 1117 2119 lla
1142 2047 1217 2150 San
1242 2046 1367 2139 Congu.
1392 2048 1447 2120 ilie
1467 2049 1504 2116 ll

286 2159 364 2230 lulli
393 2162 497 2230 lilio.

788 2413 793 2418 .
862 2355 944 2426 Dlll.

790 2499 1017 2554 noannoeane.

359 2610 586 2700 Beneficietas
602 2608 890 2699 Metropolitanae
907 2608 1077 2681 &clasiae
1098 2610 1366 2684 Tarraconensis
1378 2611 1421 2687 ab
1435 2610 1507 2701 ipo

284 2722 406 2795 dolica
425 2719 509 2792 Sede
527 2719 671 2792 obtinuit
684 2719 802 2809 piures
817 2719 1010 2812 feracitatem
1028 2737 1166 2811 nempe:
1183 2721 1405 2813 impertiendi
1428 2723 1506 2794 leae·

286 2833 469 2906 dictionem
494 2851 571 2905 cum
597 2830 817 2922 indatiqeulie
839 2833 1003 2904 Ptencria
1019 2833 1071 2916 iis,
1090 2833 1211 2922 quillus
1228 2833 1403 2908 adstiterit
1418 2835 1451 2906 iu
1466 2851 1507 2904 eo

284 2963 362 3016 rum
388 2962 525 3035 mouet:
552 2941 772 3016 benedicendi
798 2943 937 3025 Cruces,
964 2945 1185 3018 Numismata
1217 2950 1278 3018 etc.
1313 2948 1421 3022 etiam
1443 2961 1505 3016 mort

283 3055 508 3148 indutqontiis
535 3057 569 3128 S.
596 3055 786 3145 Birqittee:
803 3055 980 3128 indultam
1005 3057 1135 3128 Alteras
1161 3059 1381 3150 iiiniteqiali
1410 3075 1507 3151 perso

282 3169 373 3241 atatis
398 3167 506 3242 tribus
532 3166 649 3239 diebus
666 3167 702 3238 in
720 3164 957 3240 leudomado:
973 3168 1175 3240 Pienariam
1198 3165 1504 3261 iudulqeutianal

283 3281 357 3372 ipsa
384 3279 433 3352 lis
458 3280 496 3350 in
520 3296 632 3350 meuse
653 3277 931 3369 acquirendam:
956 3280 1158 3352 Planasiam
1183 3298 1317 3376 quaque
1344 3285 1383 3354 in
1404 3279 1506 3353 martis

282 3392 430 3465 articula
452 3410 520 3484 pra
546 3410 591 3472 se,
610 3391 679 3464 suis
701 3392 974 3484 nomenquineis
998 3397 1030 3465 et
1046 3389 1201 3483 affinibus
1219 3391 1268 3464 ad
1285 3395 1426 3468 tertium
1441 3409 1506 3484 qra-

283 3503 377 3585 dnm,
402 3521 463 3576 nee
490 3521 559 3576 nan
579 3521 648 3596 pro
674 3503 928 3597 quinquaqinta
947 3505 1032 3578 altis
1044 3505 1200 3598 personis
1221 3505 1266 3578 al
1292 3506 1414 3580 eodem
1433 3501 1504 3576 des'·

282 3615 441 3710 quande.
467 3615 568 3687 Nunc
594 3614 730 3688 dubitat
760 3615 879 3708 quoad
908 3617 1063 3710 ipsarum
1093 3615 1295 3708 [annualem
1319 3635 1424 3692 nsum
1445 3613 1504 3688 liei·

282 3733 366 3808 tum,
394 3731 426 3799 et
450 3725 620 3809 ualidum,
647 3731 722 3800 orto
748 3726 852 3800 dulia
870 3747 913 3800 ee
931 3727 1084 3820 quedem
1102 3727 1338 3802 declaratione
1356 3731 1502 3804 neaem-

280 3837 411 3912 dissimi
435 3838 576 3910 Domini
603 3839 836 3912 commissarii
863 3840 1038 3914 Generalis
1066 3840 1249 3914 cruciatae
1272 3841 1309 3911 in
1334 3838 1503 3933 Hispania.

281 3945 348 4023 is'te
374 3951 464 4022 enim
489 3969 580 4022 anna
601 3955 694 4022 1833
714 3952 802 4045 lppis
817 3952 1001 4026 mandauit
1016 3949 1178 4035 libellum,
1196 3952 1234 4024 in
1251 3969 1317 4043 quo
1332 3957 1505 4046 postquam

281 4062 437 4144 msernit,
465 4079 579 4134 omlnes
605 4065 750 4153 pretias,
777 4085 819 4138 ac
840 4064 1027 4157 privileqia
1045 4082 1068 4135 a
1085 4064 1197 4136 Rama
1210 4065 1461 4156 proveniendo,
1476 4061 1505 4130 tn

280 4174 452 4266 Hispania
464 4174 592 4246 nullius
606 4177 811 4250 esseualoris
825 4177 951 4268 eosque
967 4177 1059 4248 itlius
1072 4176 1335 4268 approbatione.
1350 4177 1453 4269 (paq.
1467 4174 1503 4242 tt

280 4303 421 4360 numero
448 4292 470 4358 2
496 4284 600 4376 ejusd.
627 4287 749 4362 ellan·
775 4288 951 4382 hispanico
977 4287 1142 4368 idiomate
1168 4286 1251 4364 edili
1276 4285 1365 4362 leaeo
1395 4281 1504 4366 louet)
