3130 4920
572 367 789 439 -307-

95 505 210 592 anim
233 507 313 597 quia
329 505 359 578 si
375 505 572 596 iniquitates
596 511 731 580 uestras
749 507 1107 590 castrametatum,
1124 507 1224 581 nnita
1236 527 1301 602 qa·

94 613 158 690 terit
171 621 325 691 creatura
341 617 540 707 subsidua·
556 617 616 692 sad
632 617 835 692 admirabili
851 617 995 712 pietate,
1011 635 1081 709 qua
1097 637 1159 692 nas
1182 620 1302 713 secuti,

92 731 204 820 iqnauc
213 731 445 824 peccantibus,
463 735 501 804 ut
518 750 625 824 apere
648 751 815 804 manuum
841 735 982 804 tuarum
999 731 1178 823 repentina
1194 737 1304 808 morte

90 859 144 914 nan
163 841 270 936 [adas
294 841 445 914 interire.
471 841 539 915 Per
566 838 736 916 Christum
761 842 948 916 Dominum
973 843 1150 915 Nastmm.

145 953 281 1026 maedi
305 953 451 1026 Domine
470 971 589 1047 preces
613 960 749 1028 uestras
774 959 806 1027 et
831 973 873 1027 ue
897 955 981 1027 uelis
1007 971 1087 1027 curn
1112 957 1216 1028 seruis
1238 957 1304 1032 tuis

89 1065 169 1138 adire
184 1066 375 1156 judiciam:
402 1068 485 1158 qaia
510 1069 595 1141 sicut
619 1070 655 1141 iu
681 1069 777 1142 nabis
793 1069 891 1140 nulla
901 1067 1039 1158 justitia
1055 1069 1236 1162 reperitur,
1262 1071 1304 1144 de

89 1197 142 1268 qu
159 1199 381 1271 praesumere
405 1181 601 1254 caleamus:
627 1183 678 1254 ita
704 1186 736 1254 te
760 1181 888 1275 sautem
909 1181 1048 1272 pictatis
1069 1183 1303 1273 aquascimus:

87 1309 195 1381 equa,
222 1297 255 1366 et
281 1293 477 1386 apeccatis
502 1293 626 1365 nastris
659 1288 765 1372 ablui,
793 1296 824 1363 et
850 1309 873 1364 a
899 1292 1152 1366 necessitatibus
1182 1313 1224 1366 ac
1248 1314 1302 1368 re·

81 1405 205 1495 qmtina
230 1409 342 1477 marte
368 1404 511 1478 liberari
528 1401 737 1498 confidimus.
756 1406 823 1477 Per
841 1403 1012 1477 Christum
1030 1405 1217 1479 Dominum
1234 1409 1304 1480 Na

83 1521 184 1588 snitu.

141 1629 228 1702 ueris
253 1629 317 1702 sul>
342 1629 438 1719 cujus
455 1629 561 1701 aculis
586 1647 685 1701 amne
702 1647 761 1701 car
779 1628 940 1721 trepidat,
958 1633 991 1701 et
1007 1647 1122 1702 amnes
1147 1646 1302 1704 conscen-

83 1741 138 1813 tiae
147 1747 356 1834 pavescunt:
382 1739 656 1814 misericordiam
674 1745 770 1814 tuam
788 1741 921 1833 effunde
949 1743 1168 1834 supplicibus,
1187 1747 1225 1816 ut
1244 1744 1304 1836 qui

82 1849 336 1927 demmitarum
362 1854 532 1945 qualitate
557 1851 752 1945 diffidimus,
779 1871 848 1926 nan
866 1853 1039 1944 judicium
1065 1859 1161 1926 tuum
1186 1855 1223 1929 in
1247 1875 1302 1930 re-

78 1965 203 2056 pentina
228 1969 343 2040 marte
368 1969 488 2040 nostra
513 1965 573 2039 sed
597 1963 854 2058 ludutqentiam
884 1969 981 2038 tuam
1013 1967 1209 2041 sentiamus.
1236 1970 1304 2042 Per

82 2075 235 2152 anuum
260 2077 451 2152 Dominum
474 2078 650 2151 Nostram.
1338 2091 1341 2100 ⁴

78 2275 138 2350 tlte
159 2275 320 2350 saldene
345 2275 493 2349 oracioni
517 2275 660 2349 raccolte
686 2274 740 2347 dal
765 2276 865 2348 Beato
895 2275 1049 2348 cardinal
1081 2276 1250 2349 tommasi
1274 2277 1304 2349 si

138 2391 306 2482 rqgiunge
331 2389 363 2460 la
388 2393 561 2480 sequente.

140 2527 564 2602 Omisericardiasissima
592 2527 737 2620 Siquam
764 2529 862 2608 (testi,
883 2545 950 2620 per
967 2527 1004 2598 la
1020 2531 1139 2600 vostra
1166 2528 1304 2620 Aqoaia

79 2639 231 2714 esudare
258 2639 299 2712 di
333 2642 471 2732 Sanque
492 2659 558 2733 per
584 2641 621 2712 la
645 2645 755 2712 marte
787 2645 904 2712 uestra
937 2639 1138 2724 tiberatcmi,
1165 2639 1200 2713 vi
1224 2659 1303 2732 suq-

74 2751 151 2842 qtica
176 2751 282 2826 datia
306 2757 417 2824 uecrte
441 2752 622 2824 subitanea
648 2749 692 2822 ed
716 2751 937 2843 impraevisa.

138 2863 428 2956 Obeniqnissima
447 2863 591 2954 Siqnare
618 2863 705 2935 Gesd
714 2879 779 2956 per
793 2861 815 2934 l'
825 2863 1045 2935 acerbissima
1063 2879 1081 2935 e
1098 2865 1302 2955 iquaminia-

79 2975 197 3048 imma
215 2975 477 3068 Flaqellaztane
502 2993 520 3046 e
546 2974 780 3047 Garanaziane
805 2978 934 3056 eastra,
948 2993 1013 3067 per
1031 2975 1068 3047 la
1084 2981 1202 3048 austra
1222 2977 1304 3049 tla-

79 3103 107 3156 ce
128 3107 144 3159 e
167 3089 338 3162 Passione
362 3087 595 3166 amarissima,
622 3105 641 3157 e
664 3103 724 3177 per
752 3087 789 3157 la
813 3089 931 3157 castra
962 3083 1077 3156 Bantd
1108 3087 1305 3158 umilmente

78 3199 241 3293 ciqreqa
271 3197 332 3270 ene
356 3215 427 3269 nan
450 3199 677 3289 perntettiate,
700 3197 760 3268 clm
777 3198 810 3269 ic
829 3197 1149 3288 impraevisameute
1173 3198 1303 3286 mucia,

77 3315 203 3384 smmi
231 3311 430 3386 santissimi
456 3311 676 3402 Saqramenti
698 3311 794 3402 passi
821 3309 868 3381 da
895 3314 1013 3400 questa
1038 3310 1122 3380 uita.

139 3425 263 3498 omia
292 3423 506 3496 amatissima
535 3423 621 3495 Gesd
649 3423 773 3514 Siquar
804 3423 873 3493 mio
906 3441 968 3514 per
995 3421 1110 3492 tuitii
1136 3422 1301 3512 traucqti,

77 3535 213 3610 eduum
238 3535 349 3609 uestri
361 3553 427 3628 per
442 3535 470 3606 ii
485 3540 601 3606 eastra
623 3533 875 3626 preziosisslmo
903 3535 1049 3624 Sauque,
1068 3549 1165 3625 eqer
1189 3533 1220 3603 te
1238 3534 1302 3603 Sa-

77 3653 224 3736 qrasante
250 3651 365 3720 eastre
388 3645 532 3738 Pieqte,
555 3665 620 3737 qer
646 3645 755 3737 quelle
780 3649 892 3717 castre
917 3646 1035 3716 ultime
1057 3645 1182 3736 parole
1214 3641 1303 3716 detta

78 3759 108 3832 in
132 3761 234 3834 cruce
260 3759 379 3832 «Deus
404 3775 515 3842 meus,
540 3757 630 3830 Deus
655 3775 763 3841 meus,
790 3762 827 3829 ul
852 3756 934 3848 quid
959 3755 1163 3846 dereliquisti
1190 3771 1306 3826 mene

75 3891 129 3962 qer
144 3873 173 3945 ie
189 3874 284 3946 altre
308 3869 444 3943 «Padre
469 3871 555 3941 nelle
580 3875 637 3941 tue
662 3869 753 3940 mani
778 3867 999 3940 raccamando
1024 3867 1056 3938 lo
1081 3863 1196 3957 spiritu
1214 3865 1302 3938 mia,

79 3983 422 4058 udentissimemenle
446 3983 482 4054 ci
502 3999 612 4074 qreqa
639 3979 675 4051 di
701 3981 880 4052 liberarmi
905 3979 953 4050 da
977 3981 1087 4049 marte
1111 3978 1301 4082 repentina.

80 4095 118 4167 le
140 4101 253 4170 castre
277 4095 386 4176 urani,
413 4113 436 4166 a
459 4095 529 4167 mic
555 4091 755 4174 liedentare,
782 4093 830 4163 mi
856 4089 973 4162 tanna
995 4089 1084 4184 [atta
1110 4107 1128 4160 e
1151 4089 1302 4181 [armata

81 4211 155 4280 tutta
179 4207 430 4282 tntierammte.
457 4205 532 4279 Deli
548 4222 618 4278 nau
631 4207 839 4298 permetiele,
857 4202 918 4275 cic
934 4203 967 4274 ia
984 4201 1037 4273 sia
1063 4201 1152 4272 calta
1177 4203 1303 4292 imqra

82 4317 255 4396 risemente
282 4317 380 4394 dalle
405 4323 525 4392 marte.
551 4317 691 4391 Datami
715 4317 749 4390 ai
774 4315 926 4408 mqqnco
952 4311 1070 4405 spacia
1094 4311 1132 4384 di
1151 4313 1305 4404 peniten-
