3120 4924
756 328 975 396 -llli-

325 465 378 542 ie
403 469 466 538 :lli
482 464 641 557 Narniae
665 461 779 558 qnuau
802 463 971 538 diversam
995 465 1189 540 Ecclesiam.
1214 467 1252 540 lu
1277 466 1415 560 reliquis
1431 485 1488 542 re·

250 585 386 657 curant
409 579 445 651 iu
470 577 606 651 casibus
631 577 895 670 particularibus,

325 691 378 764 Λᾶ
404 697 467 762 ill
483 689 689 765 affirmative
721 689 833 782 quoad
857 689 999 783 prirnern
1025 696 1165 783 parum,
1191 692 1349 784 Negatbe
1373 694 1491 786 quaed

111 897 113 902 Ι
252 804 438 880 amandam
462 804 591 896 Nempe
623 821 691 876 nen
716 803 821 876 teneri
848 801 902 874 ad·
915 803 1206 889 marcennacum,
1233 805 1405 900 quianon
1435 807 1490 880 in·

252 919 513 994 terestmcrabs
537 916 749 1009 interruptio,
767 933 889 1007 ¹neque
913 916 1094 1008 dilargitur
1119 917 1163 990 arl
1187 925 1282 994 actus
1307 925 1491 996 extraneus

253 1034 288 1106 in
313 1050 382 1124 quo
407 1038 536 1107 lantum
561 1049 642 1104 casu
667 1029 787 1102 ‹iicllur
811 1029 896 1102 actio
922 1028 1174 1112 diseunllnnala.

823 1267 912 1340 CCL.

734 1511 827 1564 uubis
852 1511 894 1564 itu
919 1513 1012 1566 ebuis

324 1708 410 1781 lium
435 1723 480 1779 ex
506 1703 610 1778 veteri
634 1721 739 1788 mure,
766 1711 800 1776 el
824 1703 981 1778 laudabili
1005 1705 1173 1782 Ecclesiae
1199 1706 1348 1784 instituto
1365 1707 1422 1783 dle
1438 1729 1496 1784 se

251 1819 361 1896 eunde
385 1815 584 1894 Novembris
610 1817 761 1890 omniurn
787 1816 1027 1890 lleiunctorurn
1044 1819 1204 1894 biemuria
1228 1821 1340 1906 recoli,
1358 1841 1496 1896 eurum-

251 1951 320 2028 que
344 1933 475 2008 animae
500 1931 543 2004 ab
567 1929 734 2002 universis
759 1927 1039 2004 christifidelibus
1061 1931 1277 2019 oratiunlbus,
1303 1935 1495 2030 elecmosy-

250 2048 304 2121 nis
329 2046 469 2137 ubisque
495 2044 559 2136 plia
576 2043 735 2135 operibus
749 2049 782 2115 et
794 2042 964 2116 Ecclesiae
979 2044 1161 2136 auiiragib,
1179 2047 1392 2138 potissimum
1408 2065 1495 2124 vcro

252 2157 444 2260 amentubili
470 2157 707 2230 sacrosanctae
731 2155 853 2229 Missae
878 2156 1046 2230 Sacrificio
1060 2158 1169 2253 juvari
1185 2160 1495 2246 sulearufseuclis·

252 2275 359 2370 nimus
376 2271 540 2349 Dominus
556 2271 675 2346 Noster
692 2270 847 2342 Clemens
866 2268 927 2350 ΡΡ.
946 2270 1021 2343 Xlll
1038 2287 1082 2342 ex
1098 2277 1237 2363 palerna
1253 2289 1314 2344 sua
1329 2272 1496 2348 cbarbate

252 2405 332 2481 arga
358 2402 477 2460 brunus
503 2383 636 2476 Fideles
662 2389 730 2456 iarn
757 2381 851 2455 rivus
883 2401 986 2474 quem
1012 2381 1209 2468 defunctus,
1236 2385 1412 2458 animabus
1437 2405 1498 2460 eu·

250 2519 339 2584 rum,
365 2499 425 2591 qni
450 2516 493 2570 en
519 2497 582 2574 bac
607 2495 736 2568 mortali
754 2496 821 2567 vita
846 2495 881 2568 in
899 2497 1002 2586 gralia
1020 2503 1055 2569 et
1070 2495 1229 2571 charitate
1244 2498 1316 2582 Ilei,
1338 2498 1496 2574 nundum

251 2619 364 2698 tumen
390 2609 548 2684 omnibus
573 2607 752 2680 mundanis
777 2606 934 2680 sordibus
959 2609 1112 2701 expiatis,
1130 2609 1360 2696 affluerunt,
1378 2609 1422 2685 rie
1438 2613 1493 2685 in-

252 2726 430 2802 erbauctc
450 2720 638 2794 Catholicae
670 2720 838 2804 Ecclesiae
869 2721 1027 2794 thesaure
1060 2722 1285 2798 abundantius
1316 2724 1497 2817 suflragari

251 2855 355 2932 quam
376 2834 527 2910 ‘mariue
551 2833 701 2926 cupiens,
729 2840 766 2906 ut
789 2834 931 2908 celerius
954 2853 976 2918 e
996 2835 1180 2927 Purgaturil
1195 2837 1315 2929 poeula
1332 2837 1496 2914 liberatae

253 2951 297 3024 ari
321 2948 491 3026 annuam
516 2946 656 3039 gloriam
682 2963 743 3039 per
767 2947 827 3019 Ilei
853 2946 1116 3020 misericerdiam
1140 2949 1317 3042 pervenire
1341 2951 1496 3038 ualeant,

253 3063 297 3138 (le
322 3061 460 3136 consiliu
486 3060 557 3134 llll.
575 3061 610 3133 S.
629 3057 667 3133 il.
682 3061 720 3133 b.
738 3059 964 3132 cardinalium
990 3060 1212 3152 indulgentiis
1236 3062 1414 3154 Sacriacue
1431 3065 1500 3140 lie-

251 3170 365 3270 liquiie
380 3174 675 3268 praepositorum,
701 3173 882 3251 universal
907 3174 973 3246 buc
1004 3175 1145 3248 Decreta
1175 3176 1346 3270 perpetuis
1371 3176 1499 3252 inlunis

252 3288 463 3383 tementibus
479 3288 620 3362 vablurn
636 3287 781 3378 benigne
797 3285 961 3372 cencerb,
979 3292 1017 3359 ut
1033 3287 1134 3360 blissa
1147 3286 1204 3360 elle
1214 3287 1382 3380 praedicta
1395 3287 1499 3362 curn

253 3401 449 3478 uie'ratlcuia
480 3399 720 3476 lleiuncturnnr
752 3397 849 3472 adeat
877 3399 1068 3490 Prlrileglc‚
1097 3417 1136 3472 ac
1160 3397 1190 3472 si
1206 3408 1306 3474 esset
1329 3401 1363 3474 in
1388 3399 1497 3477 Alteri

253 3512 461 3612 privilegiato
485 3513 660 3598 celebrata,
687 3511 900 3588 decernendo
925 3519 1049 3596 lernen,
1075 3519 1112 3586 ul
1136 3515 1271 3588 nonnisi
1296 3521 1498 3590 mnauuiarn

256 3630 518 3720 eleemesynam,
545 3628 781 3719 unusquisque
806 3625 968 3699 sacerdus
994 3644 1055 3717 pro
1080 3626 1167 3700 dicta
1191 3628 1292 3703 Missa
1315 3624 1392 3702 libet
1420 3631 1497 3704 Pri·

255 3741 418 3834 alienata,
445 3741 593 3834 accipiat,
619 3747 652 3814 el
677 3741 710 3814 iu
737 3757 777 3813 ea
801 3746 930 3812 butum
957 3740 1155 3829 quantitate,
1182 3759 1270 3831 quae
1294 3761 1314 3814 a
1339 3741 1496 3833 Syucda-

255 3855 344 3928 llbus
369 3853 679 3938 constitutionibus,
705 3869 767 3926 seu
793 3851 911 3924 abaci
927 3851 1171 3928 cousuetudine
1186 3851 1383 3944 reguariter
1397 3873 1496 3948 pree·

255 3953 350 4042 linita
365 3965 477 4040 luerit„
492 3967 767 4057 Quibuscumquc
784 3965 819 4037 in
836 3964 1037 4038 centrarium
1054 3963 1252 4040 lactantibus
1268 3961 1337 4039 non
1353 3967 1495 4042 ababa·

256 4081 357 4156 libus.
384 4076 504 4154 buum
530 4079 585 4154 ulle
612 4083 658 4151 ill
682 4078 758 4154 llali
787 4079 892 4152 iiiii.

651 4179 654 4184 ’
855 4192 894 4264 Ν.
920 4190 1024 4264 Ginn.
1052 4187 1268 4264 monarcus
1290 4193 1416 4266 Pnanr.

900 4305 929 4376 l.
957 4306 1007 4377 lle
1035 4301 1220 4378 Guellllbtta
1245 4305 1368 4382 Serrei.
