3182 4922
818 343 1037 410 -rat-

307 486 490 580 ooztmzo,
518 482 555 553 lo
580 478 694 554 coritis
720 480 750 553 te
775 477 867 552 otrttt
901 479 984 552 tutte
1010 475 1047 550 ot
1074 477 1161 550 Gesta
1188 476 1344 550 lemtim
1368 493 1384 548 c
1406 476 1436 548 ot
1457 477 1513 548 rin·

312 596 445 689 gronio,
473 611 552 665 omo
579 611 597 666 e
623 589 781 665 benedico
797 590 1044 683 infimitomemte
1068 607 1131 682 per
1156 593 1271 679 questo
1296 587 1451 679 ineffabile
1465 588 1516 660 mi·

311 711 400 780 atero
427 703 759 778 dett’incomozione
784 703 839 776 dcl
864 701 969 774 Diem
1000 702 1115 776 Verbo.
1142 700 1254 775 Gloria
1278 705 1339 774 em.

386 824 420 890 u.
452 817 594 889 Verbum
620 834 702 888 coro
728 814 859 908 [actam
885 817 942 888 est.

385 949 419 1010 n.
445 930 489 1001 ut
514 927 685 1002 habitauit
710 928 747 1002 io
770 928 877 1000 nobis.

836 1059 1026 1114 onnuos

384 1155 475 1228 Deos
500 1153 595 1242 cuius
624 1153 820 1246 Unigenitum
845 1151 1099 1226 insubstantia
1124 1155 1262 1224 nostroe
1292 1149 1401 1224 cornis
1430 1165 1517 1240 oppo-

310 1267 391 1350 rm't,
404 1270 559 1358 praesto,
579 1282 793 1355 quaesomus,
811 1269 849 1337 ut
861 1283 927 1356 per
944 1281 1032 1346 enm,
1051 1281 1152 1355 qoem
1177 1262 1322 1336 similem
1346 1260 1434 1334 mois
1450 1258 1516 1350 tero

311 1377 525 1469 agnouimus,
541 1377 631 1450 intur
642 1375 828 1469 reformari
840 1394 1045 1450 recreemur.
1066 1376 1131 1461 Qm'
1148 1379 1258 1450 tecum
1277 1374 1360 1450 oiot't
1376 1376 1405 1448 et
1419 1372 1518 1464 regmt

311 1490 349 1562 in
373 1489 512 1563 secroto
537 1489 762 1564 saecolorum.
789 1489 907 1562 Amen.

848 1681 1011 1756 otxxx.

792 1829 884 1882 uunrs
910 1829 951 1880 ur
977 1828 1070 1881 onnrs

384 1936 426 2010 Ut
451 1931 619 2008 infideles
637 1953 714 2026 erga
732 1934 973 2018 Beatissimam‚
999 1951 1203 2027 semperque
1223 1933 1394 2025 Virginem
1408 1929 1519 2014 llariam

310 2047 444 2121 devotio
469 2047 586 2138 magis,
605 2065 643 2118 ac
660 2046 766 2137 magis
785 2048 1028 2120 incrementum
1055 2047 1225 2138 suscipiat,
1242 2043 1515 2121 Eminentissinus,

207 2221 208 2226 r
310 2167 343 2234 et
368 2159 681 2232 Revereudissimus
706 2158 890 2231 cardinalis
916 2159 1106 2234 Lndovious
1132 2158 1276 2232 lacobus
1309 2155 1466 2234 Mauritius
1485 2153 1517 2224 de

309 2271 435 2344 Bouald
461 2272 740 2363 Archieoisooous
766 2270 1012 2363 Lugdunensis,
1039 2272 1175 2344 nomine
1201 2289 1339 2364 quoque
1370 2266 1515 2362 quamplu-

308 2384 396 2455 rium
422 2382 663 2465 Sacerdotum,
681 2389 781 2474 atque
806 2383 982 2472 utriusque
1012 2400 1116 2456 sexus
1146 2382 1415 2456 Clrristilldelium
1442 2395 1515 2470 prae·

308 2495 394 2567 latae
418 2513 501 2567 suae
534 2495 818 2577 Arolridioecesis,
852 2494 1068 2568 sanctissimo
1094 2494 1235 2568 Domino
1268 2495 1387 2568 Nostro
1415 2492 1464 2566 uo
1483 2487 1516 2560 tt

309 2607 459 2678 Poutilict
484 2605 630 2678 ltlanimo
656 2623 773 2698 preces
799 2605 961 2678 instanter
988 2607 1145 2698 porrexit,
1172 2613 1209 2679 ut
1234 2608 1391 2680 omnibus
1406 2604 1516 2678 recitau-

307 2717 397 2790 tibus
423 2716 614 2789 Orationem
640 2719 833 2792 Memorare
851 2721 911 2790 etc.
934 2719 1111 2790 nonnullas
1133 2717 1359 2810 indulgentias
1382 2725 1444 2790 tam
1463 2711 1516 2784 Ple

307 2827 418 2899 uarias
451 2845 553 2918 quam
588 2828 744 2900 Partiales
781 2829 910 2921 elargiri
949 2829 1151 2922 dignaretur.
1186 2830 1349 2902 Sanctitas
1381 2831 1440 2900 Soa
1467 2822 1514 2894 sut

308 2936 362 3010 die
389 2943 434 3010 25
461 2939 537 3012 tulii
563 2939 705 3015 labentis
730 2942 809 3014 anni
837 2945 930 3013 {846
956 2960 1017 3034 per
1043 2942 1163 3016 Sacrae
1188 2942 1290 3033 hujus
1323 2937 1514 3030 tnuutgentta·

306 3069 383 3123 rum
408 3050 680 3144 congregationis
705 3055 884 3127 Decretum
910 3055 1092 3128 clementer
1121 3054 1258 3127 indulsit
1283 3074 1346 3148 pro
1371 3049 1514 3127 enunciata

306 3161 470 3248 Dioecesi,
497 3183 560 3236 nec
586 3183 653 3238 non
679 3183 740 3257 pro
767 3172 835 3239 toto
861 3165 984 3238 Galliae
1010 3168 1136 3259 Regno,
1163 3173 1200 3239 ut
1224 3184 1345 3242 omnes
1371 3164 1513 3250 utriusqus

306 3292 411 3348 senus
438 3275 687 3362 christifideles,
714 3277 816 3350 oorde
840 3278 957 3352 saltem
984 3279 1135 3360 contrito,
1157 3279 1359 3363 Orationem,
1377 3283 1512 3364 utsupra.

306 3405 522 3479 quocumque
547 3387 714 3473 idiomate,
741 3390 926 3463 dummodo
951 3390 1061 3464 versio
1086 3392 1129 3463 sit
1154 3390 1280 3476 tidelis,
1308 3390 1422 3464 devote
1450 3381 1510 3456 reoi-

305 3505 424 3583 tantes,
450 3500 693 3591 indulgentiam
719 3508 903 3576 tercentum
922 3502 1053 3578 dierum
1078 3523 1140 3597 pro
1166 3504 1314 3596 qualibet
1335 3503 1405 3598 vioe
1419 3491 1510 3571 lucrari

304 3611 444 3704 possint,
470 3618 504 3684 et
528 3613 677 3702 valeant3
703 3631 741 3686 ac
767 3615 904 3707 insuper
934 3614 1016 3707 ipsis
1050 3611 1328 3688 christifidelibus
1361 3607 1509 3703 praelatam

304 3724 495 3798 Orationem
521 3725 626 3800 semel
651 3726 791 3818 singulis
816 3727 934 3800 saltem
960 3726 1136 3819 cujuslibet
1161 3725 1287 3798 mensis
1313 3723 1428 3797 diebus
1448 3713 1509 3790 roci·

304 3841 375 3909 tare
401 3855 462 3928 pro
487 3855 580 3910 more
605 3837 817 3922 habentibus,
844 3837 1086 3930 indulgentiam
1113 3837 1296 3910 Pleoariam
1323 3835 1417 3910 unica
1438 3828 1510 3902 dum

303 3952 394 4020 taxat
420 3947 491 4020 vice
517 3948 550 4020 in
576 3949 725 4040 quolibet
750 3968 868 4023 manse
892 3948 1171 4034 lucrifaciendam,
1199 3949 1253 4022 die
1279 3964 1400 4040 nempe
1422 3939 1510 4014 unius

302 4058 467 4150 cuiusque
492 4059 626 4133 arbitrio
652 4061 814 4153 eligenda,
833 4063 866 4134 in
884 4082 951 4154 qua
977 4081 1056 4136 vere
1081 4060 1301 4155 poenitentes,
1328 4065 1362 4132 et
1383 4045 1508 4128 ernest

303 4187 465 4261 sacraque
492 4172 606 4246 Sinari
633 4173 756 4258 relecti,
783 4174 927 4266 aliquam
953 4174 1146 4258 Ecclesiam,
1173 4192 1234 4247 seu
1259 4171 1425 4266 publicum
1446 4163 1507 4234 Ort·

302 4281 425 4355 torium
449 4282 662 4369 visitaverint,
690 4285 804 4378 ibique
828 4305 890 4380 per
914 4287 1049 4379 aliquod
1074 4286 1235 4381 temporis
1267 4285 1408 4379 spatium
1432 4277 1507 4368 julli
