3164 4926
786 362 1003 428 —IOO-

347 503 420 574 Sao.
446 499 666 592 congregatio
691 497 757 572 diei
783 503 825 570 74
854 499 943 572 lunii
972 501 1065 570 llio
1091 495 1272 590 respondit.

347 613 400 688 Ad
428 619 488 685 lm
513 613 565 686 En
590 613 752 686 hactenus
777 611 929 685 deductis
955 611 1127 704 Negatiue,
1153 611 1198 684 ed
1221 609 1265 683 ed
1288 614 1445 694 mentem,
1470 615 1505 684 et

275 743 373 800 mens
399 731 451 799 est
475 731 513 799 ut
537 725 700 800 scribatur
725 724 892 818 Episcopo
916 725 1011 816 juxta
1036 724 1299 798 iuslruotiouem.

349 836 402 912 Ad
427 843 491 912 2¹1¹
527 837 732 930 «Negatiue.
758 866 770 899 ι

825 1034 964 1110 CXLIII.

350 1176 424 1250 Sao.
451 1173 670 1266 congregatio
696 1172 913 1266 indulgentiis
939 1173 1117 1265 sacrisque
1139 1171 1299 1265 Reliquis
1323 1170 1510 1266 praeposita

276 1285 331 1360 die
357 1291 402 1360 23
430 1287 636 1378 Septembris
676 1291 769 1358 4746
805 1286 936 1360 censuit
967 1284 1209 1378 indulgendum
1235 1303 1312 1358 esse
1335 1290 1374 1357 ut
1397 1283 1509 1357 Abbas

277 1399 761 1492 euboicorumnegularium
786 1399 1060 1474 Lateranensium
1085 1399 1276 1474 lllonasterii
1296 1399 1330 1470 S.
1349 1395 1511 1470 Leonardi

276 1519 371 1586 extra
403 1513 518 1585 nluros
544 1511 690 1584 Civitatis
715 1510 920 1584 Veronensis
938 1510 1063 1584 *ditare
1092 1511 1253 1603 praedicti
1285 1510 1318 1582 S.
1350 1507 1512 1582 leonardi

275 1641 340 1716 pro
356 1622 460 1696 Attari
485 1623 596 1694 Sancti
617 1622 754 1709 dbold,
782 1623 873 1715 quod
890 1624 925 1696 in
942 1641 1060 1698 corum
1084 1624 1232 1696 Ecclesia
1256 1641 1325 1696 uon
1348 1623 1514 1714 reperitur

277 1741 426 1809 coecum
448 1737 545 1828 juxta
570 1737 675 1809 Breve
700 1735 766 1809 diei
796 1741 840 1808 l8
866 1736 1061 1810 Decembris
1090 1739 1183 1808 4743
1202 1735 1379 1828 designare
1396 1734 1515 1818 ualeat,

278 1855 409 1921 seruato
435 1848 469 1920 in
495 1849 633 1940 reliquis
659 1848 764 1942 ipsius
789 1854 906 1923 tenore
922 1850 1048 1923 Breuis.
1074 1850 1123 1922 De
1139 1849 1264 1940 quibus
1281 1847 1366 1922 iacta
1382 1865 1442 1940 per
1457 1863 1518 1918 me

277 1959 524 2053 inirascriptunr
550 1961 753 2054 hujusmodi,
768 1961 841 2034 Suc.
865 1962 1138 2056 congregationis
1156 1963 1378 2036 secretarium
1395 1959 1448 2032 dio
1466 1963 1517 2030 28

278 2069 431 2162 ejusdcm
457 2073 582 2148 Mensis
608 2073 825 2147 sanctissimo
846 2075 988 2149 Domino
1004 2074 1174 2161 relatione,
1193 2074 1358 2173 Sanctitas
1375 2074 1442 2146 Sua
1458 2072 1522 2145 be·

277 2181 379 2275 nigoe
404 2183 532 2258 annuit.
1427 2201 1429 2210 ‘

802 2299 861 2373 Fu.
887 2301 915 2374 J.
943 2299 1047 2376 Cano.
1075 2301 1340 2374 Ponrooannnno
1366 2299 1490 2372 Purus.

762 2413 802 2484 Α.
829 2413 875 2490 M.
902 2415 998 2488 Erbo
1023 2416 1118 2489 Prot.
1145 2413 1358 2508 Apostolicus
1385 2411 1512 2488 secret

831 2607 972 2685 CXLIV.

758 2755 851 2810 dnols
877 2759 918 2810 ΕΤ
944 2757 1037 2812 ORBIS

355 2853 440 2928 Corn
465 2855 500 2929 in
526 2860 751 2936 concedendis
776 2864 986 2938 incolentibus
1015 2861 1237 2938 benedicendi
1270 2864 1436 2948 Coronas,
1463 2869 1531 2936 aut

282 2965 489 3039 Numisrnata
514 2969 605 3044 nulla
630 2979 667 3046 ut
690 2975 871 3068 plurimum
889 2977 923 3049 in
941 2976 1140 3070 Apostolicis
1157 2977 1338 3072 descriptis
1354 2977 1412 3050 liat
1427 2993 1534 3050 men-

283 3079 328 3151 tio
353 3079 509 3170 specifica
526 3084 693 3175 quaditdis
710 3088 917 3163 coronarum
935 3096 968 3162 et
985 3090 1218 3176 Rosariorunr,
1236 3095 1293 3162 aut
1305 3087 1421 3163 Crucis
1434 3089 1532 3160 lma-

285 3191 417 3284 ginunr‚
443 3197 605 3272 nonnulla
636 3201 755 3275 oborta
786 3210 866 3277 sunt
891 3202 1011 3289 dubia,
1043 3223 1167 3297 nempe
1199 3223 1241 3278 an
1274 3201 1535 3296 nuncupatione

284 3301 491 3382 Coronarum
516 3330 751 3407 quaecumque
777 3316 928 3391 Coronae
953 3325 987 3392 et
1012 3318 1163 3403 Rosuria,
1182 3325 1215 3391 et
1231 3318 1368 3391 nonnino
1392 3315 1538 3391 Numis-

284 3423 412 3492 matum
438 3423 537 3496 etiam
563 3427 688 3501 Cruces
714 3430 1061 3524 comprehendantur3
1086 3431 1210 3504 idcirco
1231 3430 1343 3504 relatis
1367 3430 1401 3504 in
1422 3429 1537 3501 Sacra

285 3527 549 3626 congregatione
573 3537 792 3630 indulgentiis
818 3544 997 3636 sacrisque
1016 3543 1178 3635 Reliquiis
1194 3543 1392 3636 praeposta,
1401 3540 1539 3626 dubiis,

284 3641 394 3733 purno
418 3674 432 3708 ι
456 3648 510 3721 iu
537 3649 676 3740 quoodo
703 3654 740 3725 ic
765 3656 940 3750 descripto
969 3657 1114 3746 alicujus
1134 3656 1394 3748 supplicationis
1411 3671 1543 3726 coruce-

287 3749 382 3826 ditur
406 3757 556 3850 sucuttos
576 3780 644 3854 pro
673 3764 908 3842 benedicendis
936 3769 1077 3840 Coronis
1094 3769 1310 3860 iotettipotur
1323 3768 1429 3842 ctioru
1447 3783 1544 3838 oon-

285 3883 379 3940 cessc
403 3870 553 3963 [ocultus
580 3874 800 3954 benedicendi
826 3899 1057 3974 quascumque
1092 3881 1245 3954 Coronos
1269 3899 1330 3954 uec
1362 3897 1433 3954 coc
1460 3879 1546 3950 Ro-

286 3979 408 4051 surici
432 4010 445 4046 ι
470 3984 627 4060 Secundo
653 4019 665 4050 ι
690 3991 745 4064 Au
772 3993 911 4085 quoodo
940 3999 980 4066 ut
1011 4013 1118 4087 supro
1148 3993 1346 4068 conceditur
1377 3991 1550 4086 faretras

288 4087 506 4168 benedicendi
531 4099 755 4177 Numisrcotc
780 4124 850 4179 oon
876 4125 1037 4202 cupresso
1061 4107 1229 4201 facultate
1249 4127 1316 4202 pro
1350 4104 1547 4186 Crucibus,

281 4201 391 4294 possit
416 4207 521 4282 etium
546 4211 694 4307 inteditur?
719 4237 877 4293 concesso
908 4220 1056 4315 sucultuu
1091 4219 1309 4294 benedicendi
1336 4217 1487 4292 Cruces?
1518 4245 1534 4279 ι

285 4308 411 4390 Eadem
437 4319 511 4396 Suc.
532 4322 752 4416 congregatio
770 4329 824 4408 die
845 4330 1049 4413 ldlunuarii
1070 4339 1162 4406 4747
1182 4329 1433 4410 decernendum
1455 4345 1552 4403 esse
