3346 4924
269 329 373 398 ,tto

290 465 357 538 Eos
374 464 432 558 qui
457 465 618 538 hactenus
644 464 677 536 in
704 461 792 536 Sede
817 452 852 534 E.
881 463 969 534 Petri
995 463 1164 534 Romanae
1189 461 1357 535 Ecclesiae
1382 463 1539 555 gnberna-

289 579 364 666 cula
388 585 581 663 mnuemm,
606 577 767 670 popolum
797 575 1015 648 christianum
1039 573 1266 668 spiritualibus
1291 575 1455 648 alimentis
1480 593 1537 648 nn

287 690 359 766 triri
376 689 489 776 veluit,
502 697 540 766 ut
553 709 614 784 per
628 691 702 782 ejus
718 687 806 762 dona
824 687 959 782 gratiae,
978 686 1204 762 intercedente
1220 689 1415 782 praesertim
1432 689 1468 762 B.
1485 689 1540 762 Pa·

287 805 405 881 triarca
429 803 587 896 iosepho
606 801 852 876 christifideles
869 800 1033 886 Universi,
1051 801 1110 892 qui
1128 819 1206 892 erga
1231 801 1389 875 eumdem
1406 803 1539 880 Beatum

287 917 490 1010 peculiarem
517 922 638 1008 gerunt
661 914 848 988 devotionis
874 915 1049 998 allectum,
1075 911 1158 997 fide,
1185 920 1218 986 et
1243 913 1402 986 charitate
1426 913 1541 986 muudi

287 1029 441 1102 eoelestis
466 1027 561 1120 regni
589 1027 734 1120 praemia
759 1027 923 1118 consequi
949 1030 1152 1100 mereantur.
1178 1027 1264 1099 ilinc
1288 1043 1365 1100 cum
1382 1027 1416 1098 in
1435 1027 1541 1099 Ecelc·

287 1141 336 1214 sia
361 1141 396 1214 S.
429 1141 552 1216 blaviae
585 1139 628 1212 ad
660 1141 823 1230 Martyres
855 1137 898 1211 de
931 1139 1020 1212 Urbe
1045 1139 1079 1210 in
1106 1139 1279 1231 cappella,
1307 1137 1408 1212 etad
1435 1139 1540 1212 hilare

286 1254 321 1328 S.
348 1254 483 1348 losephi
509 1253 552 1328 de
576 1253 676 1326 Terra
702 1252 824 1326 Saucia
841 1251 1025 1345 nuncupati
1042 1270 1109 1324 uua
1126 1249 1398 1324 christifidelium
1426 1252 1541 1326 utrius

286 1383 356 1460 qne
380 1384 485 1442 serus
509 1365 580 1440 heo
605 1371 638 1440 et
662 1365 726 1460 ipsi
752 1365 786 1438 S.
815 1363 962 1456 losepho
990 1362 1187 1436 devotorum
1213 1363 1393 1456 praecipue
1427 1382 1539 1457 opera·

285 1477 424 1562 riorum,
442 1477 703 1562 architecturae,
731 1477 893 1560 Picturae,
919 1475 1127 1568 sculpturae,
1159 1475 1367 1567 aliarumque
1397 1475 1539 1550 diversa·

284 1607 362 1664 rum
387 1590 508 1663 artium
534 1589 754 1680 congregatio
772 1588 839 1662 sub
855 1589 1065 1660 invocatione
1081 1586 1235 1678 ejusdem
1260 1587 1365 1660 sancti
1386 1587 1540 1660 canonice

284 1700 432 1774 instituta
459 1701 655 1794 reperiatur.
675 1699 794 1773 Eidem
821 1699 1053 1792 quamplures
1070 1697 1446 1790 indulgentiasSummi
1464 1699 1541 1771 Pon

284 1811 391 1887 tidces
417 1813 472 1888 iel.
490 1832 558 1888 rec.
587 1813 710 1886 Paulus
727 1813 781 1897 lll,
800 1811 982 1904 Gregorius
1006 1809 1092 1894 Xlll,
1111 1816 1144 1882 et
1161 1809 1351 1884 Alexander
1375 1812 1451 1884 vill
1467 1817 1541 1885 sont

285 1925 431 2018 elargiti:
458 1932 497 2000 ut
522 1933 634 2000 autem
654 1943 693 1998 eo
709 1923 868 2000 libentius
894 1923 1087 2006 condures,
1114 1929 1148 1996 et
1163 1923 1216 1995 alii
1242 1923 1484 1998 christifideles
1503 1921 1541 1996 ad

283 2037 498 2115 eductionem
525 2057 606 2130 erga
631 2040 667 2110 E.
693 2037 877 2130 iosephum
894 2037 1001 2127 magis
1022 2036 1221 2119 credentur,
1246 2054 1311 2110 nec
1334 2055 1405 2111 nou
1423 2037 1540 2111 dbtam

147 2219 148 2224 a
284 2151 586 2244 congregationem
616 2149 854 2243 ingrediantur,
881 2166 950 2240 que
976 2148 1100 2222 exinde
1126 2147 1215 2220 dono
1240 2149 1395 2222 coelestis
1422 2150 1540 2242 gratiae

283 2265 524 2361 conspexerint
549 2281 587 2336 se
611 2263 751 2336 uberius
768 2279 845 2335 esse
862 2259 1014 2333 reiectos.
1041 2260 1141 2333 Hisce
1164 2261 1349 2334 rationibus
1368 2266 1540 2354 permutas

283 2377 522 2450 sanctissimus
548 2375 711 2448 Dominus
737 2373 856 2448 Noster
881 2371 959 2448 Pius
986 2371 1047 2466 P?-
1074 2371 1133 2445 Vll
1158 2371 1354 2445 humillimis
1383 2373 1538 2466 precihus

281 2487 435 2562 hodierni
458 2489 617 2580 Eegentis
643 2506 681 2560 ac
707 2485 941 2578 adjunctorum
968 2483 1163 2558 enunciatae
1189 2483 1466 2578 Congregationis
1481 2485 1540 2558 sibi

283 2601 447 2694 porrectis
465 2619 629 2685 annuens,
648 2599 821 2692 perpetuis
838 2597 958 2672 tuturis
974 2596 1194 2690 temporibus,
1211 2615 1280 2670 nen
1297 2597 1410 2670 solum
1427 2615 1540 2672 omnes

282 2719 316 2789 et
341 2713 491 2804 singulas
517 2711 750 2806 indulgentias
776 2728 815 2796 ac
839 2717 1053 2804 peccatorum
1078 2708 1300 2782 relaxationes
1317 2728 1336 2782 a
1352 2711 1427 2783 suis
1447 2709 1540 2783 Prae

281 2823 535 2908 decessoribus,
561 2829 599 2898 ut
631 2841 735 2916 supra
768 2839 949 2896 concessas
975 2826 1009 2896 ct
1034 2820 1068 2892 in
1094 2821 1250 2914 sequenti
1276 2822 1469 2896 summario
1492 2839 1540 2898 re·

281 2936 435 3022 censitas,
470 2933 699 3016 confirmarit,
725 2940 759 3008 et
786 2939 954 3026 quatenus
987 2951 1074 3026 opus
1098 2933 1142 3006 sit
1166 2932 1210 3008 de
1233 2950 1325 3006 novo
1354 2934 1539 3028 impertitus

277 3053 329 3150 est
353 3047 599 3140 indagantium
625 3052 756 3140 septem
782 3061 950 3118 annorum
967 3044 1173 3137 totidemque
1199 3043 1490 3137 quadragenarum
1507 3045 1537 3116 iu

279 3167 410 3253 septem
435 3147 532 3234 leriis'
552 3149 680 3252 quartis
710 3164 789 3231 ante
813 3157 937 3231 testum
963 3159 999 3231 B.
1025 3158 1173 3251 losephi
1200 3157 1254 3230 die
1281 3160 1326 3230 ra
1353 3159 1462 3234 ldarlii
1490 3175 1539 3230 ce

280 3271 401 3346 lebrari
426 3273 573 3358 solitum,
602 3271 759 3346 omnihus
784 3271 964 3363 utriusque
990 3289 1094 3344 serus
1120 3269 1401 3344 christifidelibus
1426 3270 1539 3362 quiin

276 3384 455 3478 praedictis
480 3385 571 3466 ieriis
598 3386 729 3476 quartis
754 3383 880 3480 dictam
907 3383 1100 3477 cappellam
1117 3384 1151 3466 iu
1168 3382 1333 3460 honorem
1354 3384 1390 3456 S.
1407 3379 1538 3476 losepid

278 3495 421 3570 dicatam
433 3496 554 3572 devote
567 3496 786 3580 visitaverint
804 3502 838 3568 ei
850 3513 931 3568 vere
946 3496 1158 3588 poenitentes
1174 3494 1320 3568 confessi
1336 3513 1376 3568 ac
1390 3496 1425 3568 S.
1443 3495 1535 3568 Com

277 3611 439 3684 munione
462 3609 577 3684 reiecti
603 3609 736 3694 luerint,
763 3614 797 3682 et
820 3608 902 3682 inibi
930 3625 993 3700 pro
1018 3609 1051 3680 S.
1079 3608 1191 3681 natus
1221 3607 1390 3682 Ecclesiae
1417 3608 1533 3682 exalta

277 3722 367 3797 tione
391 3722 464 3816 pias
482 3721 525 3794 ad
541 3723 650 3794 licum
677 3737 797 3814 preces
823 3719 1017 3803 eiiudcrint,
1043 3719 1149 3794 semel
1166 3719 1200 3791 in
1218 3717 1364 3810 qualibet
1385 3737 1429 3792 ex
1447 3718 1535 3791 dictis

278 3833 370 3908 ieriis
395 3833 593 3907 lucrandam
620 3833 806 3906 elementer
823 3831 980 3924 elargitus
997 3837 1058 3908 est.
1076 3833 1117 3904 Et
1136 3831 1272 3906 tandem
1296 3831 1534 3924 indulgentiam

282 3946 471 4020 Plenariam
490 3946 525 4018 in
542 3945 628 4019 leste
644 3945 822 4017 Patrocinii
836 3945 871 4016 S.
886 3944 1021 4037 loseph,
1040 3944 1073 4016 in
1090 3943 1262 4016 bominica
1278 3942 1434 4017 videlicet
1449 3941 1535 4016 tertia

280 4065 360 4154 post
385 4058 511 4134 Pascha
539 4056 758 4146 celebrando;
785 4055 976 4150 incipiendo
1002 4075 1021 4128 a
1046 4057 1164 4149 primis
1190 4055 1340 4148 vesperis
1362 4073 1474 4146 usque
1496 4051 1535 4124 ad

281 4188 440 4246 occasum
457 4171 537 4244 sotis
554 4168 718 4264 praedicti
737 4169 813 4254 diei,
832 4175 865 4242 et
882 4169 924 4242 ab
942 4167 1099 4242 omnibns
1123 4168 1247 4258 pariter
1263 4163 1533 4242 christifideibus

280 4282 506 4377 supradictam
533 4281 729 4375 Cappellam
754 4281 967 4355 visitantibus
992 4287 1155 4373 utsupra
1180 4279 1349 4373 dispositis
1364 4286 1400 4354 et
1415 4276 1530 4353 amnti·
