3214 4928
788 361 981 427 ..50-

332 496 415 606 5³⁰·
446 496 667 592 Coroneam
696 488 762 572 nter
790 496 806 568 r
844 493 1053 590 septembris
1081 489 1175 565 nea
1201 487 1374 585 responait
1402 465 1505 562 me.

268 607 379 703 gative
403 637 438 684 ι,

826 707 943 779 unxi.

484 847 612 907 onnntts
636 842 821 907 nnttltoltttlt
847 854 875 906 S.
903 851 1074 906 mancisct
1099 851 1142 903 illi
1166 849 1284 902 PAULA.

338 952 392 1033 An
416 957 567 1054 toenites
592 958 810 1053 aggregandi
836 961 938 1032 entra
960 959 1082 1031 Urbem
1115 955 1420 1049 confraternitates
1443 951 1507 1024 sair

267 1072 425 1144 instituto
465 1073 499 1144 S.
526 1072 702 1144 Francisci
728 1070 770 1145 de
802 1072 918 1144 Ponto
943 1072 986 1146 eit
1014 1071 1079 1143 ΡΡ.
1112 1067 1334 1142 Generaliter
1369 1062 1509 1138 Ordinis

266 1183 490 1256 Minimornrn
515 1181 758 1256 concedendo?

340 1295 415 1368 Sao.
436 1295 657 1387 congregatio
683 1295 748 1368 diei
775 1301 822 1367 ΞΟ
840 1295 985 1368 ianuarii
1006 1291 1100 1366 ttae
1118 1289 1292 1386 respondit
1319 1287 1400 1362 «Ad
1416 1301 1512 1362 men-

266 1413 335 1479 tem
359 1405 625 1480 Eminentissimi
650 1407 809 1480 Praefecti
835 1425 913 1480 oum
939 1407 1136 1490 secretario,
1163 1411 1196 1479 et
1221 1403 1316 1480 itiens
1342 1407 1403 1486 est,
1429 1419 1511 1493 sup-

264 1519 456 1614 plicandum
489 1520 705 1593 sanctissimo
730 1527 768 1592 ut
793 1519 950 1612 dignetur
975 1516 1038 1592 ΡΡ.
1066 1517 1286 1592 Generalibus
1311 1515 1389 1588 dicti
1415 1513 1512 1586 Ordi-

263 1631 316 1703 nis
342 1629 531 1704 laoultatem
557 1632 717 1724 impertiri
744 1631 905 1724 erigendi,
933 1633 1113 1707 accedente
1138 1649 1307 1704 consensu
1331 1627 1510 1712 ordinarii,

263 1745 441 1836 utriusque
466 1761 570 1817 sexus
595 1741 888 1818 confraternitates
915 1745 1071 1838 ejusdem
1098 1737 1378 1818 denominationis
1404 1747 1437 1814 et
1457 1739 1511 1812 in·

263 1855 378 1938 stituti,
405 1869 531 1948 easque
554 1856 624 1947 jam
650 1859 777 1929 erectas
794 1852 1158 1930 Archiconlraternitati
1179 1857 1214 1930 in
1231 1853 1321 1928 Urbe
1338 1849 1511 1926 institutae

264 1966 478 2058 aggregandi,
505 1985 692 2060 omnesque
714 1973 747 2041 et
767 1968 917 2060 singulas
937 1969 1165 2060 indulgentias
1184 1975 1217 2041 et
1241 1967 1361 2059 gratias
1376 1985 1394 2038 a
1411 1965 1512 2038 Sum-

263 2079 328 2150 mis
354 2079 570 2153 Pontificibus
596 2079 703 2154 dictae
728 2082 1092 2155 Archiconlraternitati
1127 2099 1304 2154 concessas
1332 2079 1394 2151 iilis
1419 2097 1512 2150 com·

263 2187 480 2283 municandi;
505 2198 638 2265 serrata
663 2199 776 2266 tamen
801 2191 909 2266 torma
934 2193 1192 2267 constitutionis
1216 2191 1331 2265 aSan.
1352 2188 1415 2264 itte.
1438 2189 1513 2262 Cle-

264 2309 377 2376 mente
401 2303 476 2376 tilii
501 2321 605 2397 super
630 2303 797 2380 erectione
823 2313 857 2379 et
882 2307 1118 2398 aggregatione
1151 2303 1348 2398 hujusmodi
1374 2301 1512 2376 contra·

264 2416 456 2491 ternitatum
483 2415 601 2493 editae.
640 2419 908 2494 «sanctissimus
934 2419 1093 2493 annuitr

822 2611 952 2690 LXXII.

715 2761 844 2817 nunnus
870 2765 898 2816 S.
924 2760 1053 2815 sisinn.

261 2869 266 2876 '
338 2867 392 2938 ain
425 2857 645 2960 indulgentie
678 2861 845 2944 Ptenario
879 2873 1051 2964 perpetuo
1091 2865 1308 2943 visitantibus
1340 2861 1511 2940 Scutarios

261 2975 406 3050 Ordinis
431 2978 603 3054 cosiliani
622 2981 677 3056 die
695 2983 791 3056 Festo
810 2985 844 3056 S.
865 2985 1023 3076 Gregorii
1047 2983 1192 3076 Nysseni
1207 2983 1250 3055 sit
1268 2975 1511 3056 concertendo?

339 3092 413 3165 Sac.
440 3083 660 3187 congregatio
685 3098 751 3170 sub
777 3097 896 3170 eadem
923 3095 978 3171 dle
1004 3096 1177 3192 respondit
1213 3095 1400 3168 «Ptemaria
1435 3099 1512 3186 per·

263 3205 365 3292 petua
390 3203 444 3278 die
470 3205 569 3279 Festo
602 3201 637 3280 S.
665 3204 817 3300 Gregorii
846 3207 1001 3300 Nysseno
1026 3229 1089 3303 pro
1115 3203 1272 3281 omnibus
1298 3203 1512 3280 visitantibus

261 3308 427 3442 ccclesias
452 3313 718 3410 Monachorum;
744 3322 780 3394 in
803 3319 961 3395 Ecclesiis
984 3329 1096 3398 autem
1121 3319 1313 3396 ilonialium
1339 3325 1400 3412 pro
1426 3313 1511 3408 ipsis

265 3425 356 3498 ⁸⁰¹¹&
812 3532 963 3605 Lxxtlt.

336 3651 460 3726 lielatis
482 3651 607 3745 judicio
634 3657 756 3732 Sacrae
782 3658 1057 3752 congregationis
1083 3655 1370 3747 indulgentiarum
1392 3669 1512 3745 quam-

261 3761 415 3856 plurimis
441 3765 640 3841 Summeuiis
667 3770 968 3862 indulgentiarum,
994 3777 1096 3861 atque
1113 3767 1364 3862 privilegiorum
1377 3766 1442 3838 sub
1459 3783 1513 3835 as-

263 3881 353 3949 serto
378 3879 514 3954 nomine
547 3883 761 3957 contratrum
792 3879 872 3956 orn.
899 3883 1136 3956 Sanctissimae
1169 3881 1335 3954 trinitatis
1368 3876 1513 3952 Redem-

260 3987 383 4079 ottonis
400 3993 609 4084 captivorum
635 3995 670 4066 in
697 3996 797 4067 variis
823 3995 905 4067 locis
932 3996 1113 4087 praecipue
1138 3995 1373 4086 Hispaniarum
1399 3989 1511 4074 editis,

262 4115 350 4190 quiae
376 4114 444 4176 non
471 4103 573 4178 modo
590 4125 661 4180 non
679 4114 759 4179 sunt
785 4126 830 4180 en
855 4107 1034 4199 recognitis
1061 4113 1094 4180 et
1119 4095 1311 4199 approbatis
1328 4123 1372 4179 en
1389 4101 1512 4177 eadem

263 4205 364 4284 Sacra
389 4215 666 4310 congregatione,
694 4225 812 4292 rernm
839 4219 938 4292 etiam
956 4221 1127 4293 continent
1144 4214 1265 4292 multas
1282 4207 1510 4308 indulgentias

263 4328 297 4397 et
320 4317 452 4404 indulta
476 4329 568 4418 laisa,
597 4335 698 4422 atarto
724 4349 742 4404 a
769 4333 919 4406 Summis
945 4331 1161 4408 Pontificibus
1185 4333 1254 4425 jam
1280 4335 1443 4405 revocata.
