3346 4924
690 326 908 392 -bittt-

260 461 309 535 t.⁰
330 461 449 534 Utrum
460 460 627 555 praesuta
651 463 783 553 Reputo
808 463 859 535 ito
876 461 1425 554 11111119111111111111111811·

182 575 301 646 morio
320 573 492 666 Cututopi,
510 573 598 667 {otio
614 571 913 665 indulgentiarum
928 573 1005 666 ipsu
1022 575 1228 648 auctoritate
1243 574 1423 648 Ordinorii

182 687 338 778 imprimi
360 687 501 778 possint,
527 686 654 777 ubsque
682 687 823 778 spectati
856 686 993 759 licentio
1027 687 1104 760 Soc.
1140 687 1423 780 congregationis

181 795 496 888 indulgentiarum,
514 798 618 870 etium
636 795 774 888 quondo
788 798 854 889 ipsi
871 801 961 870 certo
979 802 1112 875 comtet
1129 797 1421 874 outbeuticosete.

183 912 265 984 illos
289 907 537 1001 indulgentius,
564 909 659 982 uerbi
683 909 816 1000 pretio,
836 911 918 1000 quio
938 928 1043 1002 penes
1059 927 1093 982 se
1109 908 1212 982 bobet
1239 910 1424 1004 Cototopos

185 1026 250 1094 out
277 1007 477 1093 Summorio
502 1021 631 1093 Romae
656 1022 852 1113 impressor
1016 1093 1019 1102 Δ
1207 1103 1212 1124 Ι

259 1131 311 1206 2⁰
336 1134 390 1205 Aa
415 1151 495 1205 cero
522 1131 608 1206 boec
626 1134 803 1225 impressio
821 1137 853 1204 et
869 1133 1041 1223 eontentio
1065 1133 1175 1205 solum
1198 1131 1423 1225 prohibeatur

186 1243 374 1318 Ordiuurio
393 1242 531 1334 quoodo
549 1262 618 1317 noa
634 1245 700 1336 ipsi
725 1249 815 1318 certo
842 1249 974 1317 comtot
984 1245 1063 1334 jem
1085 1265 1108 1316 o
1133 1246 1211 1318 Soc.
1231 1245 1424 1338 Congrege-

185 1358 276 1430 tione
301 1355 600 1448 indulgentiarum
626 1358 805 1448 eoulputos
830 1356 930 1449 tuisse
957 1355 1020 1428 bos
1044 1355 1309 1450 ludutpeutiosi

258 1466 424 1540 Exhibitis
450 1467 492 1540 eb
517 1468 685 1559 Episcopo
718 1468 946 1540 Petrocorensi
976 1466 1108 1562 dnobus
1137 1469 1423 1561 supraeuuuoiatis

186 1578 297 1652 dubiis
323 1579 356 1651 iu
383 1579 484 1650 Sacra
512 1579 779 1672 congregatione
812 1579 1027 1671 indulgentiis
1053 1580 1231 1671 sacrisque
1263 1580 1424 1672 Reliquiis

184 1691 384 1783 praeposite,
411 1708 498 1782 quae
523 1690 613 1783 apud
638 1691 812 1764 Vaticanas
829 1690 931 1764 AEdes
956 1691 1010 1764 die
1037 1697 1080 1763 tt
1106 1693 1300 1766 Decembris
1329 1697 1421 1765 1851

186 1803 297 1877 habita
316 1810 378 1888 est,
396 1803 658 1876 Eminentissimi
677 1805 802 1888 Patres,
821 1803 932 1876 audito
949 1804 1043 1896 prius
1060 1804 1133 1877 Sec.
1151 1804 1423 1896 congregationis

186 1915 394 2001 Consultone,
421 1933 460 1988 ec
485 1915 587 1988 rebus
612 1923 743 1988 mature
769 1916 953 2008 perpensis,
987 1915 1122 1988 intersunt
1146 1916 1179 1988 in
1205 1923 1282 1990 uoto
1312 1915 1425 2009 quoad
1542 1959 1546 1966 ·

185 2034 368 2118 utrumque
393 2025 533 2099 dubium
546 2033 584 2100 ut
596 2026 690 2100 intre.
703 2085 705 2090 .
718 2055 729 2087 ·
742 2026 926 2099 Articulum
948 2031 991 2096 18
1009 2029 1026 2112 5
1042 2027 1096 2098 111.
1114 2029 1330 2100 decretorum
1347 2032 1424 2120 post

185 2138 330 2230 Regulus
347 2137 468 2210 iudicis
485 2137 649 2212 editorum
676 2139 718 2210 ita
735 2155 812 2212 esse
837 2137 1097 2226 intelligendum,
1116 2146 1150 2210 et
1167 2139 1199 2209 in
1219 2141 1351 2232 praxim
1368 2139 1424 2212 de

184 2249 396 2332 ducendum,
421 2255 461 2323 ut
485 2249 514 2322 si
539 2255 655 2342 agatur
680 2249 723 2322 de
748 2248 877 2322 edenda
903 2248 1120 2322 concessione
1146 2250 1284 2342 alicujus
1309 2249 1422 2323 lndul-

183 2361 328 2454 gentiee,
346 2360 399 2434 uel
416 2361 595 2433 summarii
612 2359 909 2452 indulgentiarum,
927 2358 1019 2451 quod
1033 2378 1076 2432 ex
1096 2361 1192 2432 Brevi
1219 2357 1420 2453 Apostolico,

184 2472 239 2546 uel
256 2473 427 2565 Rescripto
453 2471 699 2546 desumendum
725 2479 787 2556 est,
814 2478 870 2546 eut
894 2471 938 2544 de
963 2471 1152 2545 summario
1169 2491 1213 2545 ex
1231 2473 1423 2547 auctoritate

185 2586 306 2658 Sacrae
332 2584 603 2676 congregationis
626 2586 696 2678 jam
722 2585 865 2677 vulgato,
892 2583 927 2656 iu
952 2589 1115 2677 potestate
1132 2583 1295 2657 ordinarii
1322 2585 1365 2657 sit
1386 2584 1423 2656 li·

185 2696 329 2770 centiem
345 2695 529 2768 concedere
558 2695 752 2769 earumdem
770 2695 1053 2788 indulgentiarum
1079 2695 1315 2768 concessiones
1335 2695 1424 2789 typis

186 2805 400 2901 imprimendi
425 2805 634 2896 (dummodo
659 2825 720 2900 pro
747 2808 859 2899 aliquo
884 2807 1023 2881 elencho
1049 2825 1116 2880 uon
1142 2807 1185 2880 sit
1209 2808 1362 2900 specialis
1392 2811 1426 2882 et

186 2936 347 3012 expressa
373 2917 592 3011 prohibitio);
618 2925 776 2992 econtra
802 2939 882 2993 uero
907 2919 936 2990 si
961 2935 1072 2991 sermo
1098 2919 1140 2990 sit
1166 2915 1208 2990 de
1234 2920 1424 2993 summario

186 3031 240 3104 uel
265 3036 362 3103 antea
387 3030 534 3113 collecto,
561 3029 622 3103 sed
647 3049 833 3120 numquam
860 3029 1054 3122 approbato,
1079 3029 1133 3102 uel
1159 3048 1249 3102 nuuc
1278 3031 1426 3122 primum

187 3160 231 3215 ex
257 3141 397 3214 dirersis
423 3141 695 3215 concessionibus
721 3141 905 3232 colligendo
922 3140 1103 3231 requiritur
1119 3159 1280 3232 expressa
1303 3142 1425 3215 Sacrae

186 3252 460 3344 congregationis
485 3253 769 3345 indulgentiarum
795 3251 952 3325 licentia>
977 3250 1096 3324 llddita
1111 3239 1238 3324 'tamen
1263 3251 1425 3325 conditio·

187 3381 232 3438 ne
257 3365 380 3437 «Facto
405 3364 509 3438 verbo
535 3383 611 3437 cum
638 3364 854 3437 sanctissimo
867 3393 879 3427 ι
894 3418 902 3435 .
920 3364 1085 3455 Factaque
1101 3381 1162 3456 per
1177 3382 1233 3437 me
1258 3363 1425 3438 intrusori-

187 3482 282 3568 ptum
308 3476 383 3548 Sec.
409 3475 681 3568 congregauonis
706 3475 928 3550 secretarium
953 3475 1169 3549 sanctissimo
1194 3475 1336 3549 Domino
1359 3477 1426 3549 No·

187 3593 258 3660 stro
275 3587 333 3659 Pin
347 3588 408 3660 ΡΡ.
426 3587 473 3660 111
489 3587 579 3660 fideli
595 3589 753 3662 relatione
773 3588 808 3660 in
821 3586 998 3660 Audientie
1014 3586 1080 3661 diei
1093 3593 1140 3658 22
1153 3587 1299 3662 ianuarii
1319 3591 1425 3674 1888,

187 3699 427 3772 sanctissimus
453 3706 568 3773 votum
594 3699 944 3774 Eminentissimorum
969 3700 1104 3772 Petrum
1130 3698 1372 3794 approbavit».

187 3922 212 3996 d
236 3811 383 3994 ¹ilatum
408 3811 534 3886 Romae
551 3830 595 3886 eu
612 3813 795 3887 secretaria
811 3811 977 3905 praelatae
993 3812 1067 3886 Sec.
1086 3809 1359 3906 congregationis
1375 3811 1427 3886 ln·

212 3942 234 3996 u
248 3922 447 4015 gentiarum.

856 4037 892 4109 F.
919 4037 1022 4112 Ceno.
1049 4035 1221 4119 Asoumms
1246 4035 1368 4113 Pnnnr.

924 4149 965 4221 1.
994 4148 1154 4223 Columbo
1182 4149 1305 4222 Secret.
