3182 4922
752 341 969 409 -bll-

315 477 367 553 2⁰
393 479 569 572 supplicat
595 478 732 571 insuper
757 479 898 559 Orator,
923 481 961 548 at
988 476 1066 548 Soc.
1094 475 1220 566 conpr.
1237 473 1398 566 dandae
1418 471 1475 546 de·

241 590 379 666 durare
402 587 1240 682 amomumemopnoproptomanno
1262 585 1480 660 Vmetboeis

241 702 437 778 benedictae
461 705 615 778 aomoeri
638 703 771 798 possint
792 723 810 775 e
835 703 922 784 loco,
948 701 1007 774 obi
1027 702 1183 794 primm
1199 700 1390 774 collocatae
1409 699 1481 792 tue·

239 817 321 902 rint,
343 835 411 910 pro
437 815 558 890 eoram
581 818 717 892 oretiori
742 815 971 909 dispositione,
997 815 1053 888 oet
1075 813 1305 908 separatione,
1330 812 1385 888 uel
1410 831 1479 905 pro

239 930 422 1014 Ecclesiae,
440 935 502 1002 aet
521 930 704 1024 cappellae
730 928 959 1010 decoratione,
986 927 1070 1020 qaia
1088 932 1215 1000 cessem
1238 924 1483 1017 Indulgentiae

235 1059 304 1134 pro
330 1042 451 1116 iisdem
475 1061 672 1132 concauam
698 1047 731 1116 ot
754 1047 872 1116 etnim
895 1041 926 1114 si
942 1039 1082 1132 quando
1107 1038 1247 1114 medon
1274 1037 1410 1120 arms,
1427 1039 1482 1111 oet

239 1155 412 1248 loeopioes
437 1155 639 1238 destructae
656 1156 711 1230 oel
726 1157 870 1230 vittatae
884 1155 1024 1248 luerim
1050 1154 1145 1227 oliae
1168 1152 1325 1226 mbmitm
1344 1153 1484 1244 possint

240 1264 283 1340 de
299 1268 509 1342 coemessioae
525 1269 685 1363 episcopt
704 1269 906 1362 depotaom
930 1266 1126 1342 benedictae
1141 1267 1269 1360 obsone
1294 1265 1484 1342 comotione

240 1379 563 1473 todotpediarom‘?

311 1493 385 1568 Sao.
411 1494 630 1586 congegatio
654 1494 827 1588 respondit
850 1493 1080 1568 ‹affirmatim
1105 1491 1217 1586 quoad
1232 1492 1377 1585 primam
1403 1511 1482 1586 par-

240 1611 309 1678 tem
328 1635 341 1671 ι
360 1605 473 1698 quoad
496 1607 681 1682 secundam
697 1627 777 1681 vero
793 1615 936 1701 possunt
952 1607 1110 1681 substitui
1127 1607 1209 1680 aliae
1227 1605 1354 1680 Cruces
1370 1607 1485 1698 (qnae

237 1733 283 1793 ex
306 1718 397 1810 ligno
421 1725 550 1792 notum
575 1738 652 1794 esse
676 1719 810 1806 dabam
837 1727 871 1794 et
894 1722 929 1795 in
955 1721 1080 1813 quibus
1104 1726 1235 1794 tantam
1260 1717 1350 1792 cadit
1374 1715 1485 1792 Bene

240 1828 350 1914 dictio,
375 1829 515 1904 minime
539 1849 619 1904 vero
645 1832 680 1905 in
704 1831 838 1906 Tabulis
863 1831 970 1926 pictis,
1001 1850 1064 1906 seu
1094 1831 1325 1924 Imaginibus)
1349 1830 1485 1923 absquo

238 1940 523 2034 Indulgentiamm
540 1945 745 2029 cessatione,
763 1951 930 2038 quatenus
947 1943 1146 2030 destructae,
1172 1963 1235 2018 seu
1254 1943 1395 2016 sillaim
1416 1943 1486 2016 sint

238 2053 348 2127 minor
371 2073 461 2152 pars,
479 2072 578 2129 secus
594 2073 675 2130 vero
700 2057 893 2130 necessario
907 2057 1089 2148 requiritur
1112 2075 1200 2130 nova
1225 2055 1387 2128 canonica
1408 2073 1487 2130 ere·

239 2164 315 2254 cbo,
332 2171 366 2242 et
381 2166 617 2243 benedictio».
635 2170 684 2242 lta
700 2167 879 2243 declaravit
894 2170 968 2242 Sao.
987 2169 1108 2262 congr.
1126 2168 1182 2243 die
1201 2174 1245 2242 tl
1262 2167 1352 2242 lunii
1373 2171 1482 2240 tete.

772 2327 945 2444 noxum.

511 2495 716 2556 eumanum
742 2498 953 2556 nnomsmuu
977 2495 1209 2554 nmaumonuu

684 2605 887 2679 Beatissimo
911 2603 1028 2680 Padre
1113 2601 1118 2606 ’
1146 2581 1154 2598 ’

314 2728 345 2802 ll
361 2729 537 2821 Prepesito
557 2729 721 2803 Gemrale
738 2729 795 2804 dei
813 2731 876 2804 GC.
896 2731 966 2804 llll.
989 2731 1122 2804 Teatioi
1145 2730 1342 2804 nmitmente
1360 2749 1485 2824 mone

242 2838 302 2916 cbo
327 2839 389 2914 dol
413 2859 474 2943 ¹sao
503 2840 631 2915 Ordine
656 2843 674 2914 b
698 2847 788 2916 stato
815 2842 852 2914 di
877 2843 1149 2917 immemorabile
1174 2847 1286 2936 tempo
1299 2861 1484 2936 momosso

241 2957 479 3046 epropapoto
505 2943 543 3027 io
567 2955 665 3028 carie
685 2955 785 3047 porti
810 2955 846 3028 la
872 2955 1050 3028 diooziooe
1076 2955 1132 3028 del
1157 2954 1298 3049 dipiono
1313 2961 1485 3050 perpetuo

241 3064 291 3139 ad
316 3051 420 3140 boore
446 3065 525 3140 dett'
539 3068 768 3142 lmmacolota
795 3067 1002 3142 Gooceeiooe
1018 3068 1056 3142 di
1071 3069 1190 3142 diaria
1212 3067 1363 3160 Vcrpine.
1393 3069 1485 3142 Oro

240 3179 512 3271 mappiormcnte
532 3197 760 3274 promuoocre
777 3199 795 3254 e
812 3199 1032 3274 compensare
1049 3200 1121 3254 ana
1138 3181 1208 3255 tale
1225 3179 1408 3254 diooziooe
1423 3183 1486 3254 im·

235 3291 343 3386 plora
369 3293 407 3365 lo
432 3293 557 3386 praela
582 3291 643 3368 obe
667 3293 783 3367 coloro
810 3292 871 3368 ebo
896 3313 979 3368 eooo
1012 3295 1208 3389 apprepoti,
1235 3313 1252 3366 e
1276 3295 1333 3368 oet
1358 3295 1484 3387 piorem

242 3402 302 3478 ebe
327 3404 478 3498 toraooo
504 3406 531 3479 it
556 3403 698 3498 dipiono
724 3405 976 3499 contessoodosi
1001 3427 1019 3481 e
1043 3405 1369 3488 commaoimndosi,
1397 3407 1483 3482 eoi·

241 3514 382 3591 nitendo
400 3517 438 3591 lo
456 3515 578 3592 Gbiesa
603 3517 658 3591 dei
682 3515 750 3592 ΡΡ.
776 3519 908 3594 Tentioi
924 3540 945 3593 o
963 3521 1160 3614 puniendae
1173 3521 1272 3594 altra
1288 3518 1383 3593 della
1406 3520 1483 3592 Ver·

243 3629 323 3722 plue
349 3630 554 3705 molesme
574 3649 725 3725 possano
750 3649 824 3706 aaa
847 3631 944 3708 oolto
969 3631 1086 3708 l’oono
1112 3632 1309 3726 consepelire
1333 3631 1482 3707 l’lndul·

242 3759 353 3834 aenea
376 3743 555 3820 Ptomrio.

315 3856 553 3931 sanctissimus
568 3857 732 3932 Dominus
747 3859 867 3933 Noster
884 3859 1064 3952 Gregorius
1081 3859 1144 3932 PP.
1160 3858 1239 3933 xvl
1264 3859 1402 3932 attentis
1425 3877 1482 3932 ex·

242 3966 370 4060 positis,
396 3969 554 4044 omuibus
579 3970 707 4063 ubique
730 3972 881 4046 locorum
906 3969 1185 4047 christifidelibus
1218 3972 1404 4045 Plenan'am
1428 3971 1481 4044 ln·
1582 4031 1583 4050 ,

242 4075 445 4171 dulgentiam
478 4082 583 4158 semel
606 4083 643 4155 in
668 4102 756 4157 anno
788 4083 1027 4176 acquirendam
1052 4103 1092 4158 ea
1117 4082 1272 4158 videlicet
1304 4084 1481 4178 cuiuslibet
1582 4105 1583 4184 l

244 4191 324 4268 unni
348 4191 417 4298 die,
444 4185 639 4289 quaeipsis
664 4196 762 4271 tuerb
785 4215 848 4290 pro
872 4197 1020 4288 ieiunio,
1048 4204 1148 4290 prout
1172 4198 1208 4270 in
1232 4199 1402 4290 precibus,
1427 4213 1479 4270 as·
1582 4221 1583 4278 l

243 4301 382 4396 signata,
408 4305 437 4380 si
463 4325 543 4382 vero
568 4311 582 4402 (
594 4308 732 4386 minime
757 4327 837 4386 vero
862 4310 928 4385 sub
953 4308 1106 4403 ejusdem
1121 4310 1243 4408 lejunii
1266 4309 1479 4399 mudibone)
