3132 4924
1217 345 1266 414 05

17 469 21 552 i
144 481 197 546 nas
216 495 318 546 omnes
339 478 546 561 indulgentias
566 478 710 562 consequi
726 483 870 561 poterunt
884 477 1056 546 Contratres
1068 483 1099 542 et
1113 475 1296 550 consorores

17 625 22 667 ξ
83 575 160 640 ntiris
178 576 309 642 iocorum
328 581 559 655 commorantes,
579 574 745 640 dummodo
765 581 868 640 tamen
890 574 1024 655 aliquam
1049 571 1215 639 Ecclesiam
1238 589 1295 655 pro

17 686 23 761 q
82 670 181 735 artitrio
207 670 347 750 visitent,
373 674 405 734 et
430 676 521 753 prout
542 673 685 751 poterunt
706 669 842 750 injuncta
863 669 912 752 pia
933 684 1023 751 opera
1043 685 1099 752 pro
1120 668 1297 734 earumdem

17 766 24 907 0
79 765 253 925 :acquantum
270 765 404 944 ¹ssutigeit'trater
422 765 632 847 adimpleant,
657 769 783 848 excepta
811 771 911 830 nmen
939 764 1130 848 induigentia
1157 762 1297 830 Plenaria

372 1049 577 1134 indulgentiae
595 1056 755 1133 perpetuae
775 1047 836 1116 300
855 1049 980 1130 ennean

140 1237 200 1304 it.⁰
221 1239 255 1306 Si
276 1240 375 1306 diissis
394 1255 430 1306 ac
450 1241 569 1306 Divinis
589 1240 715 1320 officiis,
735 1240 858 1322 quaein
874 1239 1011 1306 oratorio
1034 1237 1133 1304 soient
1152 1233 1299 1302 celebrari

77 1333 269 1416 interfuerint,
289 1341 342 1400 aut
361 1336 409 1401 bis
429 1337 461 1402 in
483 1351 586 1402 mense
607 1335 832 1402 Corriessionem
857 1342 889 1401 et
913 1333 1168 1411 communionem
1194 1329 1299 1397 Sacra·

76 1431 217 1496 uentaiem
239 1433 422 1512 peregerint.
935 1461 938 1470 s

139 1527 200 1589 070
221 1525 255 1591 Si
278 1542 424 1609 pauperes
444 1526 802 1608 Hospitiosusccperint.

140 1620 405 1704 18.⁰Veipaocm
427 1622 507 1686 inter
527 1623 676 1702 inimicos,
697 1629 750 1687 aut
770 1620 949 1687 dissidentes
973 1619 1218 1703 composuerint,
1245 1631 1301 1681 seu

74 1717 194 1797 componi
216 1717 354 1796 iecerint,
377 1715 422 1782 vel
443 1719 680 1798 procuraverint.

137 1808 199 1874 000
219 1810 275 1874 Vei
296 1811 543 1892 Binspiremantes
573 1817 625 1876 aut
654 1812 683 1875 in
712 1829 825 1877 vanum
851 1810 1083 1876 Sanctissimum
1108 1809 1163 1874 Dei
1183 1808 1300 1874 Nomen

73 1903 248 1985 accipientes,
269 1911 322 1970 aut
336 1906 484 1970 obscaena
496 1905 585 1970 verba
601 1907 797 1987 proterentes,
812 1913 886 1972 tunc
901 1906 1120 1996 redarguerint,
1135 1909 1165 1970 et
1179 1903 1301 1968 devium

73 1997 216 2078 otiquem'
207 2016 242 2064 nn
264 1999 344 2064 viam
365 1999 472 2064 salutis
486 2000 672 2064 reduxerint.

137 2091 202 2156 200
221 2091 287 2157 Si
278 2109 309 2156 rn
331 2093 369 2158 iis
390 2094 464 2158 locis
485 2094 679 2175 adiueriut,
672 2113 703 2160 rn
725 2095 837 2177 quibus
858 2096 895 2160 de
916 2111 1010 2176 more,
1031 2094 1113 2176 quod
1134 2093 1172 2158 ad
1194 2090 1302 2158 Catine-

73 2182 147 2250 iicam
166 2187 275 2252 Fidem
295 2189 437 2270 pertinet,
457 2181 610 2254 edocetur.

15 2365 16 2370 Ἰ
137 2279 202 2346 it.⁰
225 2280 259 2346 Si
280 2283 370 2346 morti
391 2283 596 2366 proximosad
610 2283 734 2350 felicem
754 2284 916 2350 transitum
936 2284 997 2366 pie,
1017 2299 1052 2349 ac
1066 2281 1229 2348 christiane
1243 2279 1304 2345 dis·

70 2376 238 2458 posuerint,
268 2383 321 2441 aut
345 2377 519 2460 ignorantes
543 2379 598 2444 Dei
627 2385 801 2463 praecepta,
820 2385 851 2445 et
870 2396 906 2444 ea
926 2395 1005 2460 quac
1025 2379 1063 2444 ad
1083 2377 1213 2444 satutem
1231 2381 1307 2441 sunt

14 2501 15 2508 .
69 2468 225 2538 docuerint

13 2567 15 2656 ᾗ
135 2563 200 2632 220
221 2566 256 2632 st
277 2566 483 2649 abstinentiis,
504 2575 535 2634 et
556 2568 624 2634 aliis
644 2567 845 2634 rationalibus
866 2567 1111 2634 afflictationibus
1131 2581 1222 2633 suum
1242 2579 1306 2630 cor·

13 2673 15 2708 ὲ
69 2673 115 2738 pus
133 2661 358 2746 castigaverint
926 2693 930 2702 ·

372 2853 577 2940 indulgentiae
596 2865 759 2941 perperene
779 2855 841 2924 200
859 2856 986 2922 dierum.

139 3042 206 3112 tte
229 3043 401 3111 Contratres
422 3052 453 3112 et
479 3046 664 3114 consorores
695 3046 832 3128 ejusdem
858 3045 1110 3128 Congregationis
1135 3041 1308 3108 bisoentnm

68 3129 177 3206 dierum
198 3141 426 3221 Indulgentiam
446 3148 689 3222 consequentur,
712 3144 738 3208 si
760 3143 893 3223 aliquem
920 3141 958 3206 ad
985 3139 1179 3206 Sacramenta
1197 3136 1308 3202 -Poeni-

68 3235 170 3300 tentiae
192 3241 226 3299 et
245 3234 454 3300 Eucharistiae
474 3237 604 3302 fideliter
624 3235 828 3320 suscipienda,
851 3235 898 3301 vei
912 3236 950 3301 ad
965 3233 1099 3300 Verbum
1112 3232 1167 3296 Dei
1182 3230 1310 3297 audien·

68 3323 132 3392 dum
152 3328 342 3400 induxerint.

69 3511 79 3576 f
137 3423 205 3488 200
236 3423 269 3490 st
299 3425 546 3509 processionibus
579 3424 621 3491 de
651 3425 850 3538 superiorum
871 3424 992 3490 licentia
1013 3420 1195 3506 peragendis
1216 3419 1308 3486 iuter·

79 3518 181 3584 uerint

138 3613 208 3678 200
230 3611 262 3680 Si
284 3613 516 3682 sanctissimum
536 3613 750 3682 Eucharistiae
770 3615 1010 3693 Sacramentum,
1031 3627 1101 3680 cum
1120 3610 1159 3677 ad
1172 3609 1311 3676 infirmos

68 3706 107 3771 ut
126 3709 186 3774 atio
208 3709 352 3791 defertur,
373 3717 493 3776 orantes
513 3711 647 3776 comitati
670 3712 792 3782 inerint.

139 3803 206 3870 200
228 3803 593 3872 stoderaniam
616 3806 664 3872 vel
689 3806 828 3886 ejusdem
848 3807 996 3872 Coronam
1012 3801 1249 3880 autiiosarium,
1263 3798 1310 3864 rel

66 3911 115 3973 pro
133 3899 331 3964 conversione
352 3909 545 3982 peecatorum
567 3899 716 3966 Coronam
737 3901 874 3983 quinque
892 3902 1057 3982 Piagarum
1078 3897 1149 3963 lesu
1174 3893 1311 3974 Christi,

68 3992 109 4054 vei
129 3999 245 4076 septem
265 3993 400 4058 Psalmos
422 3995 657 4060 poenitentiales
678 3994 785 4059 devote
804 3996 1006 4060 recitaverint

142 4085 209 4152 270
231 4088 487 4170 Quotiescumque
508 4088 681 4154 oratorium
700 4089 909 4171 supradictum
924 4087 1113 4154 visitaverint
1126 4086 1174 4152 vei
1188 4081 1312 4166 aliquod

70 4179 197 4264 pietatis,
216 4183 264 4250 vel
284 4184 462 4266 devotionis,
482 4185 530 4252 vei
550 4181 706 4250 charitatis
726 4199 803 4268 opus
823 4184 1006 4266 peregerint.
