3120 4924
774 331 993 400 -alu-

772 525 989 603 cccxxlltl.

735 685 922 746 soomrans
945 686 1020 740 amu

334 805 390 882 ll
411 805 614 884 humillimas
637 823 756 900 preces
785 807 954 882 Laurentii
977 805 1068 880 llioci
1092 804 1264 883 sociemus
1288 805 1368 888 lusu
1391 803 1482 880 Prae·

261 919 362 1014 posili
385 920 558 996 Generalis
582 921 820 996 sanctissimus
836 921 999 996 Dominus
1014 920 1134 996 Noster
1158 913 1313 997 (lemnio
1338 919 1398 996 ΡΡ.
1414 919 1483 996 lllll

260 1033 407 1126 benigue
431 1033 608 1110 inclinatus
632 1033 799 1110 oonoosdt
822 1039 895 1108 tum
920 1033 1030 1112 mem
1055 1051 1134 1110 com
1158 1033 1229 1110 suis
1254 1051 1317 1127 nro
1341 1038 1483 1124 tmruuue

259 1147 512 1224 successoribus
537 1146 726 1222 bodomm
750 1145 962 1240 impertiendi
987 1163 1048 1240 per
1072 1161 1111 1221 se
1126 1147 1198 1222 siue
1213 1163 1275 1240 ner
1299 1145 1381 1221 alios
1404 1147 1484 1238 ejus

259 1257 338 1334 dem
364 1261 536 1334 societatis
562 1259 761 1334 Sacerdotes
783 1260 828 1333 ab
851 1259 926 1352 ipso
945 1260 1087 1352 ejusque
1111 1259 1363 1338 suecessoribus
1382 1257 1483 1334 sublo-

258 1372 377 1466 gaudis
409 1375 567 1450 omnibus
591 1373 699 1448 diotae
730 1373 904 1448 maleuile
935 1373 1111 1464 Religiosis
1135 1374 1170 1446 in
1196 1372 1343 1446 Articulo
1374 1371 1482 1444 mortis

259 1487 458 1573 constitutis,
484 1487 614 1580 riteque
631 1486 801 1580 dispositis
817 1485 1087 1560 benedictionem
1103 1505 1171 1560 una
1187 1505 1265 1560 cunr
1283 1483 1483 1578 Indulgentia

256 1599 418 1686 Plenarla,
444 1607 575 1674 servata
599 1599 706 1674 iorma
730 1600 766 1672 in
789 1599 909 1673 Rituali
933 1600 1084 1672 Romano
1109 1598 1285 1693 descripta.
1312 1597 1483 1689 voluitque

257 1712 421 1786 Sanctitas
446 1713 514 1787 Sua
537 1714 624 1787 banc
650 1712 789 1806 gratiam
804 1713 978 1806 perpetuis
993 1711 1112 1786 futuris
1137 1712 1348 1808 temporibus
1365 1711 1484 1804 absque

255 1825 321 1898 ullu
346 1826 460 1900 Brevis
486 1825 700 1920 expeditione
724 1826 796 1900 lore
820 1825 1004 1900 valituram.

329 1937 451 2012 llatnm
475 1940 602 2014 Romae
627 1957 671 2014 ex
696 1939 879 2013 secretaria
904 1939 978 2013 Sao.
1005 1938 1278 2032 congregationis
1311 1936 1480 2030 lndnlgen·

255 2050 376 2126 tiorum
401 2049 456 2126 die
481 2057 524 2125 al
554 2049 700 2127 tannarii
727 2056 833 2126 l766.

849 2164 889 2240 lt.
915 2165 1019 2239 cmo.
1046 2164 1264 2239 duroumnns
1289 2167 1412 2238 Pnlnn

983 2279 1017 2352 S.
1042 2279 1176 2372 Roscio
1202 2279 1327 2356 sceret

757 2473 986 2554 cclxxxlll.

731 2617 1003 2678 consensu

328 2725 414 2800 Cum
434 2725 520 2801 siout
535 2723 721 2800 humillime
738 2729 969 2822 exponebatur
985 2745 1073 2822 qnae
1097 2728 1288 2805 incivitate
1309 2729 1479 2806 comaclen

254 2839 414 2912 mnonice
445 2837 611 2931 quaedam
641 2839 698 2912 Pia
722 2839 808 2914 Unio
833 2841 1109 2934 Prmbyterorum
1140 2848 1290 2928 tantum,
1324 2843 1480 2938 reperitur

254 2957 375 3036 erecta,
393 2969 537 3044 qnorum
554 2953 734 3046 praecipua
750 2971 830 3027 cura
846 2961 897 3028 est
913 2953 1130 3046 presbyteros
1155 2955 1189 3028 in
1207 2962 1363 3032 eudemo
1382 2971 1481 3048 agone

253 3063 443 3140 laborantes
467 3066 523 3160 pie
548 3066 717 3160 adjuvare,
734 3067 999 3159 eorumdemque
1024 3067 1192 3142 cadavera
1212 3069 1255 3142 ad
1279 3071 1480 3164 sepulturam

252 3171 429 3266 menelaus,
455 3180 520 3254 sub
545 3179 610 3254 boo
635 3181 721 3254 inter
746 3185 878 3254 coelem
902 3185 1024 3254 statuto
1049 3181 1103 3254 uel
1127 3180 1284 3256 laudabili
1312 3187 1480 3264 consuetu·

252 3291 348 3379 dine,
374 3293 468 3387 quod
492 3295 563 3387 ipsa
589 3289 670 3371 uuio
686 3295 738 3367 vel
763 3293 902 3387 singulis
926 3295 1015 3368 illius
1031 3295 1231 3379 confratres,
1248 3295 1324 3370 slve
1339 3315 1402 3391 pro
1418 3313 1479 3370 ors

250 3405 351 3480 nibus
376 3401 529 3499 ejusdem
546 3401 774 3482 uonlrauinns
790 3407 970 3492 Damnatis,
994 3407 1064 3480 slve
1081 3425 1143 3499 pro
1160 3407 1337 3499 quodlibet
1352 3407 1479 3482 Conlra·

250 3525 301 3592 tre
317 3517 511 3611 hujusmodl
528 3513 650 3592 abbae
667 3519 733 3592 rita
758 3519 942 3594 decedente
965 3521 1142 3596 nonnullas
1159 3522 1278 3596 lllssas
1298 3522 1478 3616 respective

250 3623 420 3708 celebrare
445 3631 499 3707 vel
514 3632 674 3706 celebrari
690 3633 801 3707 lacere
825 3634 963 3718 soleant,
988 3634 1225 3708 sanctissimus
1241 3637 1407 3710 Dominus
1422 3635 1479 3710 No·

250 3752 320 3819 ster
344 3744 499 3820 Clemens
524 3745 587 3818 PP.
604 3746 679 3822 Xlll
705 3745 889 3819 dummodo
906 3745 948 3820 de
974 3754 1101 3820 asserto
1118 3765 1220 3821 onere
1240 3767 1302 3822 seu
1328 3743 1476 3822 laudabili

249 3858 493 3932 consuetudine
517 3875 630 3931 eorem
656 3857 831 3932 ordinario
847 3860 1063 3944 constiterint,
1090 3861 1271 3935 elementor
1292 3862 1431 3936 indulsit
1444 3863 1477 3932 ut

249 3989 377 4057 omnes,
404 3978 438 4045 et
462 3971 613 4063 singulae
637 3971 758 4044 blissae
781 3974 875 4065 juxta
908 3973 1113 4066 praedictum
1140 3977 1383 4049 statutumvel
1407 3989 1476 4046 oon·

249 4085 461 4159 suetudinem
476 4082 704 4169 celebrandae,
719 4103 807 4177 quae
823 4105 884 4180 pro
902 4086 1077 4158 animabus
1094 4087 1244 4179 ipsorum
1258 4087 1476 4170 Gonlralrum,

248 4216 335 4290 quae
367 4200 438 4272 lleo
462 4197 498 4270 in
523 4197 680 4270 charitate
712 4199 910 4290 conjunctae
933 4198 976 4270 ab
1000 4197 1065 4270 bac
1093 4199 1167 4273 lnce
1197 4201 1416 4292 migraverint
1438 4195 1477 4270 ad

250 4311 422 4404 quodlibet
436 4310 549 4386 alme
565 4312 810 4404 cujuscumque
825 4311 993 4387 Ecclesiae
1012 4311 1278 4400 celebrabuntur,
1294 4313 1476 4390 animabus
