3214 4928
592 341 785 408 ..ῃ-

122 481 216 564 bnla'e
236 481 506 566 commemoratio
530 479 604 554 lieri
629 479 724 562 solet,
750 478 843 572 quod
867 480 902 550 S.
920 479 964 555 u.
982 478 1105 555 Paulus
1122 477 1152 560 ll
1169 493 1299 552 aarum·

118 595 171 672 bn
189 595 366 678 institutum
391 592 592 688 atlprobans.
618 599 652 666 et
674 593 820 666 Domum
846 590 980 682 erigena
1004 591 1041 671 in
1060 589 1299 667 Monasteriom

117 707 213 788 brlinir
232 708 263 792 S.
288 707 480 799 Augustini,
498 706 557 797 qui
573 704 730 778 dividitur
747 704 783 776 in
798 703 959 776 Ordinem
976 703 1220 788 canonicorum
1236 704 1300 776 Re·

117 821 240 908 autnon
263 827 297 898 ct
322 820 484 904 Ordinem
508 819 662 897 nrauum
686 818 908 890 Eremitarum
932 835 1000 889 non
1026 817 1107 891 satis
1132 815 1300 909 expressit

116 932 266 1004 rumam
280 932 447 1005 ordinum
461 931 550 1024 ipsas
570 929 776 1021 adjungeret.
803 927 1028 1014 Quamobrem
1052 926 1155 1001 dubio
1170 928 1207 1000 in
1223 928 1297 1001 Soc.

114 1045 337 1138 bonmatone
364 1047 533 1140 proposito
567 1051 601 1118 et
628 1042 835 1126 examinato,
861 1041 980 1116 eadem
1005 1041 1223 1134 congregatio
1249 1059 1299 1115 ro

113 1159 223 1250 ondita
247 1191 259 1230 ι
280 1159 502 1252 indulgentiis
526 1157 705 1252 praedietis
730 1157 888 1240 lloniales
912 1153 1038 1250 pertrui
1062 1173 1174 1253 posse,
1200 1185 1213 1219 .

157 1271 262 1356 bullo]
286 1271 347 1358 oie
376 1277 421 1347 11
446 1270 592 1351 tenuari
620 1273 726 1344 11171.

665 1381 813 1466 Micbaet
839 1383 988 1476 tapetas
1012 1379 1146 1463 ltiocito
1172 1383 1296 1459 Secrel.
1383 1429 1386 1434 ,

647 1579 719 1656 XV.

155 1720 1298 1816 16166866.(166666661166161666111661866.1161661166666666116

109 1831 320 1916 bueraomais
352 1837 634 1932 Arobiapiscopus
660 1835 903 1927 quaesivisset3
936 1852 1024 1926 quae
1055 1834 1099 1908 sit
1129 1833 1296 1910 sannatia

107 1945 259 2036 benaa,
286 1970 378 2046 quaa
410 1949 510 2032 bodie
542 1949 704 2029 brevibus
737 1947 1021 2039 indulgentiarum
1046 1947 1167 2042 apponi
1193 1947 1295 2032 solet,

107 2057 224 2136 totamm
247 2071 368 2140 autera
391 2069 431 2138 ct
453 2064 483 2142 m'
509 2063 600 2139 altas
627 2058 905 2153 christifidelibus
943 2059 1073 2138 dictem
1109 2060 1298 2137 melariam

106 2173 221 2257 poliac
244 2179 331 2254 ocni
357 2175 414 2252 dte
437 2175 666 2257 visitantibus,
693 2173 815 2264 clipeo
840 2173 915 2256 olio
931 2171 1151 2266 tractamus
1171 2192 1296 2268 perpo-

106 2285 144 2354 tm
163 2289 208 2360 oet
231 2291 279 2364 orl
305 2295 438 2382 tempas
461 2286 616 2364 maclam
640 2287 794 2378 atospuot
820 2285 993 2360 duraturo
1010 2303 1168 2362 concesso
1190 2284 1296 2378 [omit

104 2407 259 2481 amentes
285 2404 422 2476 litterae
453 2401 570 2474 cutiae
595 2399 682 2486 siat;
704 2399 776 2470 Sao.
799 2398 1017 2490 congregatio
1041 2416 1079 2473 re
1104 2396 1294 2488 diligentins

105 2510 255 2584 examinata
280 2514 465 2587 clausulam
481 2511 529 2587 sie
546 2509 777 2602 explicandam
794 2511 947 2586 censuit:
973 2509 1003 2584 si
1019 2507 1185 2592 ridebitur
1210 2510 1294 2580 San·

106 2616 217 2696 1361166
239 2627 384 2704 nemim
408 2625 527 2705 Nostro
545 2641 584 2700 aa
601 2622 739 2706 minime
755 2622 916 2695 contineri
942 2621 1065 2694 Altaria
1089 2620 1294 2713 privilegiata

104 2743 145 2815 lit
164 2733 329 2823 ieiunatis,
356 2755 468 2828 neque
492 2734 732 2828 indulgentias,
760 2741 816 2806 aut
833 2741 924 2807 cerlo
940 2752 1161 2826 personarum
1179 2734 1293 2825 generi

105 2856 244 2922 mammas
259 2859 300 2924 at
315 2847 655 2931 contracernitatibus,
670 2846 900 2938 negatoribus,
918 2852 952 2919 et
968 2846 1130 2939 capitulo,
1147 2854 1204 2920 aut
1221 2866 1292 2921 cer-

104 2957 154 3028 bn
172 2961 255 3052 ptum
279 2981 369 3058 opus
393 2963 430 3036 in
454 2960 526 3054 ipsa
549 2960 697 3036 Ecclesia
714 2959 960 3052 peragentibus,
982 2965 1020 3039 nt
1036 2958 1181 3041 Limnias
1197 2960 1292 3034 alias-

105 3081 151 3154 lllt
169 3070 354 3166 hujusmodi
378 3073 604 3156 amitantibus,
631 3090 670 3146 ac
694 3072 747 3154 iis,
767 3072 825 3162 qui
842 3071 1027 3152 Christiana
1043 3073 1199 3149 Doctrina
1216 3092 1293 3151 arus

105 3174 216 3270 tinniat,
239 3188 295 3264 nel
319 3187 398 3266 alios
425 3185 592 3270 erudiunt,
618 3191 652 3258 61
676 3184 736 3276 qui
761 3182 1064 3257 sabratensem
1089 3183 1294 3263 sacramenti

105 3295 264 3382 erminoni
292 3317 370 3382 cum
395 3299 551 3382 Oratione
571 3297 791 3390 qnadraginta
807 3296 967 3371 horarum
984 3295 1163 3380 intersunt,
1180 3313 1294 3387 neum

106 3399 250 3488 Sbbmun
277 3412 376 3496 Urbis
400 3417 435 3486 at
458 3417 589 3504 septem
621 3411 744 3485 Altaria
768 3407 993 3500 indulgentias
1025 3407 1130 3482 instar
1161 3415 1292 3502 septem

105 3509 227 3603 borium
249 3525 409 3603 Basilicas
434 3523 613 3602 vaticanae
637 3539 826 3606 concessas,
844 3537 957 3611 nequa
982 3518 1120 3600 demum
1145 3521 1206 3613 qui
1230 3540 1292 3616 pro

109 3624 175 3700 nica
194 3636 259 3715 ricc
286 3635 524 3720 meratenam.
551 3635 745 3717 Caeterum,
763 3633 792 3706 si
809 3632 873 3708 atia
889 3631 1096 3724 indulgentia
1121 3631 1194 3704 sive
1218 3632 1292 3708 Pla.

107 3739 171 3814 mia
189 3747 253 3829 aire
279 3769 348 3834 non
373 3747 523 3834 planaria
547 3748 582 3820 in
607 3755 808 3842 perpetuum
833 3744 886 3825 rel
912 3744 955 3818 acl
980 3750 1124 3838 tempus,
1151 3751 1224 3822 tum
1249 3747 1293 3821 ab

109 3848 194 3930 adam
214 3869 283 3938 tum
300 3863 344 3941 ab
360 3862 424 3939 atio
444 3863 595 3944 Romano
620 3859 780 3934 Poabtice
805 3857 987 3950 generatim
1013 3856 1293 3940 christifidelibus

109 3953 265 4060 laisum,
291 3976 345 4054 sel
370 3972 506 4066 aliquod
530 3974 603 4066 cius
629 3972 739 4049 attare
764 3989 826 4046 seu
851 3969 1044 4063 cappellam
1069 3969 1291 4056 visitantibus.

109 4071 193 4192 911111
211 4089 288 4170 aaa
313 4087 369 4168 oe
393 4087 448 4168 vel
471 4085 606 4163 diverso
632 4101 792 4160 concessa
812 4081 922 4168 luerit,
941 4080 984 4158 da
1005 4100 1073 4174 qua
1088 4101 1157 4164 non
1173 4081 1231 4160 liat
1254 4084 1291 4168 in

110 4177 191 4268 liena
209 4199 406 4295 tueatoliois
429 4197 563 4284 11166116,
580 4197 642 4272 bas
659 4197 784 4274 litteras
801 4195 845 4284 ob
862 4193 985 4282 dianna
1005 4193 1188 4282 clausulam
1212 4211 1291 4280 essa

110 4309 206 4384 barna
226 4313 335 4390 britas
361 4329 399 4385 ac
423 4311 542 4386 nullas.
569 4309 689 4386 ilatum
715 4307 770 4384 die
795 4313 843 4389 23
867 4307 956 4384 lunii
984 4311 1089 4385 roca.
