3134 4918
550 383 768 452 -403-

566 527 755 650 nnnxxx.

525 735 803 793 HSSILIEN·

128 857 226 930 iliius
245 856 402 930 iiaiieuis
425 855 646 930 Massiliensis
670 855 767 949 opud
792 875 827 930 so
841 856 993 950 possidet
1019 876 1061 930 aa
1085 859 1207 932 retimt
1224 858 1281 936 do.

65 975 164 1043 nutum
188 969 381 1062 quamdam
406 970 581 1062 deiparae
612 969 758 1060 Vispinis
790 969 935 1062 effipiem
961 971 998 1042 in
1024 970 1146 1044 tabule
1162 973 1283 1048 colori·

64 1081 111 1154 bus
128 1085 274 1175 pisiam,
302 1083 358 1154 arsi
390 1081 576 1175 ltpiscopns
610 1080 818 1154 ordinarius
844 1081 1013 1156 adnexuit
1044 1082 1281 1176 quadruplum

64 1193 178 1266 dierum
203 1193 460 1284 ludulpentiam
482 1191 731 1283 acquirendam
750 1211 773 1264 o
793 1192 1073 1287 Giristifidclibus
1096 1198 1282 1272 nonnullus

60 1325 159 1398 preces
183 1311 265 1378 anie
290 1307 401 1398 ipsum
426 1306 660 1378 recitantibus.
689 1306 819 1377 llursus
845 1310 1010 1396 quotquot
1034 1307 1122 1379 aiios
1146 1309 1282 1400 Episco-

58 1438 110 1510 pus
120 1437 181 1512 per
197 1421 298 1491 iilam
315 1419 488 1490 ciuitatem
506 1422 718 1489 trensmtnles
735 1417 826 1488 idem
848 1419 954 1490 iltius
971 1423 1105 1500 ecerat,
1124 1425 1161 1490 ut
1177 1439 1280 1493 unus·

63 1533 185 1622 pisone
210 1531 300 1602 aiios
325 1528 562 1620 quadruplata
589 1527 659 1601 dies
687 1529 727 1601 de
753 1529 974 1620 indesinentia
987 1531 1171 1623 praesciae
1196 1533 1282 1604 imo-

61 1641 122 1730 pini
142 1639 317 1714 concedat.
346 1640 533 1724 stuentm
557 1659 581 1711 a
608 1641 684 1712 Sec.
706 1640 978 1731 Conprepetione
996 1639 1079 1730 quid
1100 1639 1281 1716 dicendum

60 1755 96 1824 sii
117 1753 156 1826 de
175 1751 366 1845 praedietis
387 1752 666 1832 concessionibus,
685 1751 834 1842 quidque
851 1749 894 1826 de
910 1753 1085 1845 Episcopis
1102 1757 1280 1832 tramam

59 1865 144 1950 tibus,
168 1867 242 1938 sine
263 1865 431 1957 permissu
450 1862 630 1937 ordieturil
659 1863 897 1955 ludulpentias
927 1863 1208 1942 concedentibus?

121 1979 191 2050 See.
219 1977 439 2068 congregatio
472 1975 645 2068 respondit
669 2003 680 2038 ι
706 1975 951 2066 indulgentiae,
979 1995 1066 2068 quoe
1083 1983 1237 2070 utsupra
1262 1998 1281 2054 o

60 2091 214 2163 omnniiis
239 2089 415 2182 episcopis
440 2105 501 2182 pro
527 2087 694 2179 aliquibus
719 2088 875 2180 precibus
901 2087 1079 2162 recitandis
1105 2095 1182 2164 anie
1198 2091 1282 2162 lme-

59 2201 158 2292 paen
189 2205 309 2274 Besioe
340 2199 633 2291 usriaevirgints
658 2199 966 2291 semimortuae,
997 2198 1120 2272 nuliius
1152 2201 1280 2278 roboris

59 2320 138 2396 suni,
163 2333 201 2385 ec
226 2313 398 2395 momenti,
425 2329 464 2382 ec
481 2329 595 2382 revera
616 2311 828 2402 apocripbae,
847 2317 978 2402 praeter
994 2310 1047 2381 ilia
1065 2329 1187 2402 nempe
1204 2331 1283 2404 qun·-

57 2424 194 2517 drsginto
220 2425 362 2510 dierum
389 2442 490 2515 quem
518 2423 624 2515 prims
651 2429 779 2495 tentum
806 2423 877 2496 mee
903 2421 1089 2514 Episcopus
1106 2423 1280 2498 Dioecess-

58 2557 117 2608 nns
146 2557 187 2612 ex
219 2535 447 2628 jurisdictione
478 2534 542 2607 sibi
575 2533 749 2608 dumiensi
781 2534 1000 2630 competenti,
1031 2540 1082 2608 ost
1114 2535 1279 2627 surmus.

58 2649 114 2720 iiio
139 2653 179 2722 il
205 2647 400 2722 Decembris
428 2651 532 2726 i838.

561 2841 764 2917 cmlxxxi.

513 2986 685 3040 rncrnrr
718 2985 813 3042 nuci

129 3097 230 3170 Titius
253 3111 355 3168 suum
381 3093 483 3167 lebet
507 3091 720 3168 domicilium
741 3110 853 3184 prope
871 3093 1040 3184 pluteum,
1066 3093 1125 3166 nbi
1150 3096 1284 3184 putum

58 3205 136 3278 dnm
157 3207 412 3282 solemnioribus
429 3206 514 3276 enni
531 3203 648 3278 diebus
664 3202 885 3278 coadunetur
898 3205 1047 3295 populus
1071 3223 1136 3294 pro
1155 3205 1283 3298 Populi

57 3319 277 3393 benedictione
301 3315 515 3410 deripiendo,
534 3333 640 3408 quum
656 3317 841 3408 Episcopus
866 3316 1093 3390 liioecoscmus
1110 3317 1194 3390 selei
1211 3318 1280 3414 im·

53 3431 291 3522 persimilem
312 3431 417 3504 titius
428 3449 494 3522 por
509 3429 674 3520 tensurus
699 3427 794 3502 domi
818 3445 912 3507 sune,
940 3445 1029 3517 quae
1050 3428 1208 3520 plateam
1230 3448 1281 3526 re·

56 3543 194 3631 spiciunt
218 3542 345 3633 accipit
366 3540 567 3632 praefetam
594 3537 858 3612 benedictionem
890 3540 993 3611 simiel
1025 3559 1102 3614 cum
1131 3545 1205 3618 ictu
1230 3541 1282 3630 lu·

55 3653 163 3734 scilia,
186 3659 218 3726 ei
242 3653 416 3726 mnnuilis
441 3650 613 3727 eutruneis
630 3651 689 3739 qui
714 3649 780 3726 naa
797 3649 839 3726 de
860 3669 967 3723 causa
992 3651 1042 3728 ad
1062 3650 1282 3744 praedictam

56 3764 190 3840 domna
213 3765 390 3839 accedunt.
416 3765 460 3838 li
485 3781 565 3838 uere
590 3780 668 3837 cum
693 3763 860 3838 Monioles
885 3761 1035 3851 ejusdem
1052 3763 1120 3842 loci
1145 3763 1182 3836 in
1208 3779 1281 3838 mov

55 3879 201 3950 andario
216 3897 286 3950 mn
302 3879 402 3969 lance
416 3875 561 3952 distanti
575 3875 621 3949 ub
639 3875 715 3965 ipsu
737 3876 859 3966 pintae
877 3873 1033 3968 depensos
1050 3873 1283 3966 Apostolicom

56 3987 336 4082 dispnuotimsem
358 3990 588 4080 impetrarunt
619 4004 684 4077 pro
717 3984 829 4061 dictae
862 3986 1006 4077 Papulis
1042 3982 1283 4060 benedictionis

55 4102 319 4191 mnsepuutione,
346 4099 574 4174 dubitatura
604 4097 690 4170 Titio
715 4102 831 4173 utrum
857 4098 927 4189 ipse
953 4113 1086 4186 quoque
1110 4094 1282 4188 dispenso·

58 4215 145 4286 tione
173 4212 333 4305 indipeut,
351 4231 399 4286 on
411 4211 527 4305 potius
552 4209 589 4282 in
609 4209 765 4301 pluteum
788 4207 988 4282 descendere
1013 4209 1056 4286 sii
1082 4207 1283 4298 ubiipaiust

126 4325 205 4396 sno
227 4323 446 4420 Goagregsiio
462 4319 634 4416 respondit
652 4321 794 4406 «iilius,
818 4321 960 4414 ejusque
982 4319 1281 4403 lentissimum
