3134 4918
566 330 785 398 -409-

135 465 180 540 I.⁰
204 468 259 539 An
284 463 524 558 Indutpeotiae
549 483 729 538 concessae
746 463 960 536 visitantibus
983 462 1060 536 Viae
1080 462 1196 536 Crucis
1215 464 1291 536 Sto·

78 579 174 660 times,
206 577 314 650 datae
342 579 410 652 sint
436 578 477 650 ab
507 575 631 650 Christi
656 576 796 648 Domini
829 575 1002 648 Passionis
1034 573 1292 648 meditationem

77 689 359 784 attemptantem
385 689 424 762 iu
449 707 588 779 ponere,
617 706 664 760 an
688 707 768 760 uero
796 688 951 761 tacatioe
972 706 1038 781 pro
1071 686 1293 761 meditatione

77 802 198 876 itanum
225 803 422 875 Stationem
448 798 719 892 quatuordecim,
747 817 836 890 uuae
861 819 885 872 a
908 797 1062 891 fidelitas
1087 800 1293 891 premetter

77 915 337 1006 capnoscunturt

133 1027 206 1098 Sao.
221 1025 443 1117 congregatio
460 1023 633 1116 respondit
651 1025 833 1116 «Negative
851 1023 963 1116 quoad
978 1024 1121 1117 primam
1146 1029 1293 1116 partem;

77 1137 268 1212 affirmauve
295 1136 408 1230 quoad
432 1136 663 1210 secundnm».

135 1250 183 1322 2⁰
198 1253 242 1322 ut
255 1255 425 1341 quatenus
442 1249 647 1342 offirmootiue
665 1249 781 1340 quoad
792 1251 944 1342 primam
956 1255 1095 1342 partem
1111 1251 1296 1342 superioris

77 1363 217 1450 maesIti,
244 1381 292 1434 on
313 1364 447 1454 possint
470 1362 540 1434 iltis
559 1361 637 1451 jam
655 1363 798 1454 capnitis
816 1363 908 1436 atice
926 1362 1097 1436 Stationes
1113 1362 1297 1452 sartropuri

77 1475 187 1546 tenoris
207 1475 384 1564 sequeus.

142 1584 186 1655 I?
211 1587 317 1658 Pater
341 1586 371 1657 si
395 1586 455 1668 uis,
482 1585 630 1680 transfer
648 1587 796 1660 Calicem
812 1587 914 1660 istum
931 1607 955 1658 o
973 1605 1044 1658 me:
1061 1591 1296 1660 umumtamca

76 1715 133 1766 noo
157 1715 235 1768 meo
260 1697 431 1779 volontas,
457 1696 517 1770 sed
543 1701 604 1770 tua
628 1699 690 1790 fiat
715 1700 772 1788 (S.
799 1701 881 1772 Luc.
909 1701 1020 1772 XXII.
1050 1701 1133 1781 tu.)

142 1807 189 1879 2³
214 1807 318 1890 Iuda,
346 1810 459 1882 ascuto
484 1809 594 1902 fitium
620 1807 765 1882 tumninis
792 1810 902 1884 tradis
926 1810 1032 1900 (itia.
1060 1811 1143 1899 48.)

143 1919 190 1990 3?
214 1920 308 1991 tasas
334 1919 382 1992 ad
409 1919 579 2011 Caipttom
602 1922 747 2013 atapom
773 1922 904 2014 accepit
924 1923 982 2010 (S.
1000 1923 1051 1994 to.
1069 1923 1194 1994 XVIII.
1214 1924 1297 2012 23.)

143 2030 190 2118 t?
215 2033 337 2103 Petrus
360 2033 500 2124 nepooit
524 2033 637 2106 Iesum
662 2033 720 2122 (S.
747 2032 869 2106 Metti.
896 2035 1020 2106 XXVI.
1049 2035 1132 2122 69.)

144 2142 191 2213 5?
215 2145 309 2216 Iesos
335 2162 454 2216 coram
479 2143 613 2216 Herode
638 2144 696 2233 (S.
722 2146 804 2217 Lac.
831 2146 961 2217 XXIII.
992 2147 1072 2234 II.)

143 2255 190 2328 6?
206 2255 442 2348 Appreteudit
458 2257 591 2329 Pilutus
606 2257 730 2338 Iesum,
745 2262 776 2330 et
788 2258 978 2349 maecenate
994 2258 1046 2346 (S.
1064 2258 1116 2330 Io.
1134 2259 1228 2330 XIX.
1250 2260 1300 2349 I.)

145 2367 191 2441 7.⁸
207 2371 251 2440 ut
263 2369 448 2461 plectentes
466 2369 638 2442 Coronam
655 2368 697 2442 de
715 2370 828 2461 Spinis
845 2369 903 2460 (S.
921 2368 1301 2460 marcumunes.)

145 2479 192 2552 8.·
217 2481 353 2552 Pitatus
378 2481 465 2554 tavit
489 2499 612 2553 mamus
638 2499 758 2554 coram
786 2482 914 2573 populo
941 2480 1047 2571 (ibid.
1076 2483 1158 2570 it.)

145 2590 193 2662 9?
218 2593 305 2664 Iiccc
330 2593 440 2664 Homo
467 2593 525 2681 (S.
550 2594 602 2664 Io.
629 2592 723 2663 XIX.
753 2597 785 2664 t.
814 2595 871 2682 5.)

147 2702 216 2776 Io.a
242 2705 287 2775 ut
314 2703 473 2793 tajutans
498 2703 562 2776 sibi
589 2704 730 2778 Crucem
755 2705 814 2794 (S.
840 2705 893 2776 to.
919 2706 1015 2778 XIX.
1044 2706 1125 2795 II.)
1263 2723 1266 2730 ’

148 2814 218 2888 II.a
247 2815 277 2886 O
299 2815 359 2887 Vos
377 2833 491 2888 omnes
508 2817 566 2906 qui
583 2817 737 2889 transitis
750 2835 816 2908 per
832 2818 926 2890 roiam
944 2822 1004 2890 etc.
1023 2817 1163 2906 (Ituran.
1183 2819 1209 2890 I.
1231 2818 1305 2907 It.)

149 2927 464 3000 immiminuta
489 2929 601 3020 capite
617 2927 764 3002 tradidit
781 2929 947 3021 Spiritum
964 2930 1023 3019 (S.
1041 2931 1093 3002 Io.
1111 2932 1205 3003 XIX.
1226 2931 1306 3020 30.)

151 3039 220 3111 13.εἰ
247 3041 292 3112 ut
318 3038 506 3131 deposimm
523 3040 666 3113 inuotoit
684 3038 832 3112 Siadooe
858 3041 922 3128 (S.
950 3042 1031 3112 Luc.
1058 3041 1189 3112 XXIII.
1217 3043 1307 3130 52.)

150 3151 220 3224 Ii.a
246 3154 291 3223 ut
311 3152 428 3243 posuit
453 3151 542 3225 ittod
558 3153 594 3224 io
611 3154 829 3225 Monumento
847 3153 906 3243 (S.
924 3151 1048 3225 Mattio.
1065 3152 1208 3224 XXVII.
1228 3153 1307 3239 aa.)

149 3265 219 3337 Sao.
239 3264 460 3356 Congrogatio
477 3263 650 3356 respoudit
674 3265 881 3356 «Negotiis»
906 3264 1121 3337 Innocentius
1143 3265 1232 3336 enim
1250 3265 1309 3336 Pa·

85 3393 124 3464 pa
148 3377 206 3448 XII
240 3377 447 3468 approbavit,
478 3383 512 3448 et
538 3377 756 3469 approbatum
781 3373 967 3471 {declaravit
998 3376 1194 3450 exercitium
1229 3376 1307 3448 visi·

85 3486 166 3558 tandi
190 3490 256 3560 Pia
282 3490 376 3560 Loca
408 3489 487 3560 Viae
514 3489 649 3568 Crucis,
675 3507 733 3560 sea
768 3489 922 3561 Cutoorii
954 3487 1003 3560 ad
1033 3485 1251 3562 recotendnm
1277 3493 1310 3560 et

86 3599 314 3674 meditandam
349 3587 473 3673 carisa
506 3601 645 3672 Domini
676 3601 873 3674 Passionem
900 3598 1084 3675 adinstar
1114 3603 1309 3675 Stationem

90 3709 233 3786 Cotcami
265 3714 391 3788 Montis
424 3717 555 3794 erecta,
582 3719 616 3786 et
640 3714 817 3806 participes
843 3714 919 3788 iecit
949 3713 1251 3807 mongontiam,
1279 3720 1312 3787 et

87 3821 327 3917 Pririlegiorum
362 3843 480 3898 omnes
513 3824 708 3898 exercitium
743 3827 824 3901 Viae
857 3826 973 3900 Crucis
998 3825 1191 3918 huiusmodi
1216 3844 1311 3919 pere·

90 3943 351 4122 gent{insedimus
378 4066 456 4122 vero
481 4048 567 4122 XIV.
594 4048 862 4137 (Constitutione
887 4050 998 4124 «ciem
1024 4052 1150 4121 tanto»
1175 4047 1311 4124 easdem

92 4154 303 4252 Indulgentias
328 4161 538 4234 confirmavit
562 4179 624 4252 pro
651 4160 861 4251 visitantibus
885 4163 951 4234 Pio
966 4162 1058 4234 Loco
1088 4161 1167 4236 Viae
1186 4162 1313 4246 Crucis,

95 4287 145 4342 seu
170 4274 322 4350 cetrarii
347 4279 548 4369 concrepate
574 4273 623 4348 ad
646 4275 757 4352 instar
783 4275 977 4354 stationum
993 4275 1130 4356 Montis,
1149 4275 1313 4352 cotrarii.
