3164 4926
623 340 840 409 -trtr-

660 547 797 624 CCVIII.

582 691 877 748 scaruausu.

177 812 311 904 Agitate
335 831 406 888 oon
422 813 528 888 semel
549 814 636 888 inter
655 816 818 890 Doctores
835 813 1062 890 mutrorersia
1077 832 1180 909 super
1197 815 1345 890 clausula

104 923 322 999 ·dammodo
337 931 387 1000 lot
403 928 528 1002 Missae
542 927 693 1020 quotidie
709 928 746 1001 iu
763 930 828 1002 tuli
844 929 996 1002 Ecclesia
1013 929 1222 1003 crebrantur
1234 957 1247 992 »
1259 945 1347 1020 quae

104 1038 137 1109 in
165 1039 333 1112 uteribus
359 1040 521 1113 Mlarium
549 1041 800 1132 privilegiomm
825 1041 949 1134 apponi
978 1040 1072 1124 solet,
1102 1038 1238 1115 undem
1263 1039 1348 1114 haec

102 1150 166 1220 tria
183 1151 219 1222 in
233 1152 307 1224 Sao.
322 1151 588 1245 congregatione
606 1153 743 1226 Consilii
762 1151 914 1226 discussa
943 1151 1078 1226 fuerunt
1094 1151 1213 1226 dubia:
1236 1151 1347 1228 Primo

104 1265 205 1334 :Aa
237 1264 430 1338 absentibus
470 1267 648 1359 Relipiosis
681 1285 725 1340 ea
757 1285 864 1340 cuusu
892 1264 1165 1359 praedicationis
1198 1269 1348 1358 tempore

106 1375 406 1469 Qrmdrupesimue
431 1384 464 1452 et
480 1379 662 1462 Advectos,
689 1380 744 1452 ael
768 1377 908 1470 puuudo
927 1379 1103 1452 occasioue
1124 1377 1346 1471 festivitatum

104 1489 161 1560 ael
177 1487 349 1580 Iouerum,
367 1495 431 1562 aut
446 1492 609 1565 similium
625 1513 649 1564 u
664 1492 896 1584 superioribas
921 1488 970 1564 ud
995 1489 1236 1564 celebruudum
1260 1491 1347 1564 ulibi

105 1602 303 1683 ordiamur,
329 1603 568 1696 ludulpeutiue
585 1623 762 1678 uoucessue
779 1623 857 1678 uum
874 1609 965 1678 cerlo
981 1621 1124 1676 usmaro
1150 1602 1345 1685 missurum,

108 1715 171 1804 pai
194 1715 237 1787 ob
264 1713 374 1788 dictas
400 1735 522 1790 causas
539 1717 724 1811 adimpleri
740 1735 809 1791 auu
821 1721 945 1810 potest,
961 1734 1102 1808 prorsus
1127 1720 1273 1804 cesseut;
1294 1717 1348 1788 ool

104 1845 173 1918 pro
198 1831 349 1920 tempure
375 1847 443 1920 pao
469 1829 577 1903 dictus
602 1848 762 1903 uumerus
795 1849 865 1902 oou
896 1828 1001 1922 fuerit
1029 1827 1246 1920 adimpletus,
1280 1828 1348 1900 siut

109 1957 291 2031 adspersae
315 1943 369 2014 uel
391 1944 506 2034 potius
531 1948 695 2016 muueuut
720 1943 757 2016 iu
781 1961 842 2015 suo
869 1943 1045 2015 roboret»
1073 1938 1229 2014 Secundo
1257 1968 1269 2004 ι
1293 1941 1347 2016 du

110 2051 200 2123 idem
224 2054 269 2126 sit
293 2054 512 2128 statuendum
537 2055 709 2150 deficiente
737 2055 897 2148 praefica
922 2071 1064 2128 uumero
1089 2053 1289 2134 Missurum.
1305 2053 1346 2126 ob

110 2164 346 2256 infimitatem
361 2167 584 2240 sacerdotum
602 2173 675 2241 tum
691 2168 927 2260 Repulurium,
944 2183 1049 2259 quum
1062 2153 1348 2240 Saeculartomr»

111 2275 218 2348 lertio
250 2279 335 2350 «du
359 2281 492 2370 puriter
516 2279 607 2353 idem
639 2281 682 2354 sit
714 2278 934 2353 statuendum
966 2278 1139 2373 deficiente
1168 2276 1346 2368 praedicto

111 2407 251 2463 uomere
277 2392 463 2464 Missurum
488 2394 529 2466 ob
556 2394 747 2466 ubseutiam
767 2393 811 2466 ab
833 2390 1258 2468 ecclesiissaeculaaibus
1281 2389 1346 2462 Gu-

113 2504 325 2585 ooaicorum,
352 2508 384 2576 et
411 2503 635 2578 sauromata
656 2524 721 2598 per
742 2505 876 2596 ulipuot
901 2503 972 2578 dies
997 2503 1248 2576 armassem».
1267 2500 1347 2585 Qui·

116 2613 175 2686 bos
199 2613 321 2688 eadam
347 2616 420 2689 Sao.
447 2617 665 2708 congregatio
690 2616 755 2690 sah
781 2616 837 2690 diu
862 2620 910 2690 30
934 2615 1013 2690 lolii
1039 2619 1136 2698 libb,
1164 2611 1345 2704 rescripsit,

116 2727 190 2798 «ml
207 2728 358 2801 Primum
385 2756 398 2792 ι
417 2729 533 2816 Quoad
549 2729 694 2803 Primam
711 2735 841 2822 partem
866 2747 928 2821 pm
953 2736 1106 2822 tempme
1121 2725 1296 2800 adrentus
1314 2729 1348 2798 et

116 2839 394 2933 Quadmgesimae
415 2861 589 2916 remanere
606 2860 800 2934 suspensas,
819 2850 1016 2916 monaulum
1033 2842 1068 2914 in
1085 2840 1234 2932 reliquis,
1252 2837 1348 2910 dom

115 2951 212 3025 modo
237 2971 315 3026 raro
340 2954 532 3046 contingat»
556 2953 610 3028 ml
625 2953 826 3029 secuudum
844 2955 943 3029 «Non
958 2967 1133 3028 remanare
1150 2965 1345 3044 suspensas

116 3064 188 3136 «Ad
203 3065 354 3138 Tertium
380 3067 580 3140 ‹Provisum
597 3067 631 3140 ia
648 3067 756 3158 primo
769 3096 795 3130 ,.
807 3068 875 3139 llas
891 3063 1264 3140 Resolutiooas‘servari
1276 3063 1348 3154 plu·

116 3175 178 3248 ries
210 3174 360 3250 decrerit
389 3179 462 3251 Sao.
489 3179 708 3270 congregatio
741 3177 959 3270 indulgentiis
984 3177 1164 3266 sacrisque
1186 3173 1347 3264 Reliquis

116 3289 313 3382 praeposita.
340 3289 466 3363 Verum
494 3291 803 3383 impetratouopor
828 3289 871 3364 ab
895 3289 1043 3364 Ecclesia
1067 3283 1248 3360 Parachiaii
1269 3284 1348 3358 Loci

118 3397 312 3474 Looimsuhi
336 3402 505 3476 Dioeoesis
528 3403 726 3495 Mhiganen.
744 3402 864 3480 Altam
877 3401 1050 3494 privilegio
1065 3418 1127 3494 pro
1143 3396 1275 3478 duabus
1292 3415 1348 3469 cu·

118 3509 245 3599 iuslibet
262 3513 516 3588 haebdomadae
533 3515 623 3588 ieriis
640 3517 706 3590 sub
722 3515 930 3598 condictione
947 3513 1159 3606 quotidianae
1179 3517 1254 3584 uolo
1272 3509 1349 3583 Mis-

121 3639 224 3698 surum
250 3626 493 3712 celebrationis,
511 3626 595 3700 haec
619 3646 696 3700 uum
719 3626 839 3701 diebus
856 3626 948 3700 iestis
965 3626 1105 3700 minime
1129 3621 1348 3714 adimpleatur

122 3753 158 3808 eu
172 3737 264 3830 quod
281 3738 400 3830 aliquis
416 3759 460 3813 ox
485 3738 721 3814 Sacerdotibus
737 3737 845 3812 dictae
861 3739 1030 3813 Eustasius
1046 3738 1082 3810 in
1098 3735 1160 3809 atta
1180 3727 1347 3808 celebrare

122 3855 275 3936 teneatur,
302 3857 374 3924 orta
399 3859 451 3925 est
475 3853 562 3926 inter
586 3853 764 3926 nonnullos
790 3852 961 3937 dublum,
988 3871 1031 3924 ao
1056 3849 1100 3923 oh
1126 3846 1346 3921 deficientiam

122 3961 253 4055 Munius
279 3982 324 4037 ex
348 3965 562 4058 praescriptis
580 3974 660 4039 uoto
676 3965 786 4039 Missis
804 3965 1017 4056 Pririlegium
1033 3963 1206 4038 obtentum
1233 3961 1348 4054 solica-
1466 4032 1469 4040 ,
1491 3973 1495 3980 ’

123 4083 238 4162 uetari
263 4078 472 4170 Quapropter
496 4079 668 4172 proposito
684 4079 720 4152 in
738 4079 811 4151 Sao.
839 4075 1101 4170 congregatione
1127 4073 1347 4165 Indulgentia-

124 4203 202 4272 rom,
220 4195 254 4262 et
269 4191 343 4264 Sac.
369 4187 598 4284 Reliquiarum
614 4190 812 4285 hujusmodi
827 4189 942 4275 dubio,
959 4188 1126 4272 scilieet«
1143 4188 1198 4260 du
1214 4187 1347 4258 adculo

129 4299 272 4378 tumulo
292 4303 486 4398 praetuta»
510 4304 700 4382 Dummodo
725 4311 788 4382 ato.
814 4305 880 4379 «io
906 4301 1000 4378 dictu
1024 4298 1177 4376 Emlesiu
1202 4293 1346 4370 Prioile·¹
