3134 4918
753 325 971 390 -oco-

317 458 366 540 tt?
393 460 514 532 Omnes
539 476 580 532 ne
605 460 636 529 et
661 458 787 548 sittqeli
814 459 953 530 articuli
977 457 1223 532 Portsiensinm
1258 459 1478 530 statutorum

241 577 319 648 sunt
342 571 533 655 amassarii,
551 574 584 644 et
600 570 790 644 essentiales
806 569 855 642 od
878 568 1150 644 ccrestituendarn
1166 570 1203 642 in
1221 589 1282 643 suo
1300 587 1369 644 esse
1386 565 1481 642 donc

243 685 438 760 sacietatem
458 703 527 777 pro
554 681 729 757 lucrandis
754 681 980 774 tndnlpentiis
1005 681 1114 756 adem
1139 683 1327 758 concessis?

319 798 369 872 ΞΡ
397 799 434 870 Si
458 787 529 872 non
554 815 679 878 omnes,
706 800 738 869 et
762 796 900 888 strepeti,
928 796 1071 890 quinem
1098 800 1177 870 snnt
1201 797 1252 870 ita
1278 794 1484 875 enentiales,

243 915 283 984 ut
306 909 531 1006 nullomodo
557 909 692 983 cameri
713 909 869 1001 possint?

317 1021 367 1095 3.⁰
392 1024 553 1096 Facultos
578 1041 619 1095 ne
642 1023 739 1116 tacte
763 1021 830 1115 [uit
854 1041 915 1114 per
942 1022 1087 1095 citatum
1112 1023 1348 1114 Apostolicunc
1375 1023 1486 1093 Breve

247 1138 450 1230 Praeposito
476 1137 645 1210 Ecclesiae
669 1136 710 1208 E.
736 1137 783 1210 Μ.
815 1136 848 1207 V.
876 1134 918 1208 de
949 1136 1100 1210 Victoriis
1126 1134 1381 1210 deterrninandi
1406 1136 1487 1206 sta·

246 1253 332 1331 tuto,
352 1267 439 1340 quac
456 1249 503 1322 sic
521 1247 749 1322 determinato
764 1246 933 1340 sufficiant
949 1247 999 1321 ad
1015 1245 1252 1341 lndnlpentias
1269 1245 1487 1320 lucrandas?

320 1363 394 1434 sac.
427 1361 646 1454 congregatio
679 1358 851 1452 respondit
884 1359 996 1452 quoad
1028 1361 1174 1454 primum
1207 1359 1422 1451 «Negatine,
1458 1363 1489 1430 et

143 1460 146 1464 ’
247 1471 432 1546 dummodo
464 1472 626 1546 sodalitas
659 1473 817 1546 canonice
850 1473 1013 1566 erigatur,
1043 1473 1251 1564 sodalesque
1283 1471 1490 1563 adimpleant

248 1585 356 1678 Opera
380 1603 442 1678 pro
468 1583 678 1678 acquirendis
704 1584 921 1676 indulgentiis
938 1585 981 1658 ab
998 1583 1186 1678 Apostolica
1212 1584 1300 1658 sede
1325 1583 1490 1676 praescri·

248 1703 315 1789 pta,
341 1697 483 1771 varietas
509 1698 664 1790 partialis,
691 1716 752 1772 seu
777 1697 940 1788 generalis
966 1698 1171 1772 statutorum
1197 1701 1210 1786 (
1222 1715 1309 1790 quae
1331 1697 1375 1770 ab
1393 1694 1490 1768 Ord'e

248 1809 351 1881 uariis
377 1810 638 1902 respectivorum
663 1811 813 1883 locamm
838 1828 900 1902 pro
925 1809 1115 1883 diversitate
1140 1817 1343 1902 temporum,
1371 1813 1407 1882 et
1427 1807 1491 1880 cir·

250 1921 525 1994 cumstantiarum
551 1928 649 1995 erunt
673 1920 930 2010 constituenda)
947 1941 1014 1995 nou
1040 1922 1137 1996 obest
1154 1919 1361 2013 acquisitioni
1379 1917 1493 1992 indui·

251 2033 448 2126 genitarum,
476 2053 518 2106 ex
544 2051 585 2106 eo
613 2035 704 2126 quod
729 2035 855 2108 statuta
881 2023 960 2108 sunt
984 2039 1096 2128 potius
1121 2033 1164 2107 ad
1188 2034 1355 2126 regimen,
1388 2038 1423 2106 et
1451 2029 1494 2102 ad

252 2151 376 2219 rectam
401 2144 588 2218 sodalitatis
615 2146 936 2220 administrationem
953 2146 1039 2231 data,
1057 2147 1194 2221 minime
1220 2163 1300 2220 vero
1315 2151 1491 2236 tamquam

252 2257 400 2351 injuncta
433 2277 534 2350 opera
567 2256 609 2329 ad
642 2257 867 2350 indulgentias
899 2259 1168 2349 lucrifaciendas3
1194 2257 1287 2350 quod
1317 2257 1347 2330 si
1376 2262 1493 2330 minen

252 2371 404 2444 nonnulli
429 2373 635 2444 statutorum
665 2371 792 2444 articuli
822 2372 930 2464 aliqua
962 2370 1152 2466 peragenda
1177 2390 1280 2465 opera
1311 2367 1493 2442 somnitus

252 2490 451 2577 proponant,
478 2501 565 2574 quae
590 2502 634 2557 ex
660 2481 830 2556 Pontificio
854 2485 1070 2558 concessione
1096 2483 1196 2560 ditata
1222 2483 1289 2556 sint
1311 2479 1492 2573 indulgen

254 2596 319 2680 tiis,
346 2595 416 2688 ipsi
437 2602 608 2686 nmquam
634 2595 827 2670 essentiales
852 2595 998 2670 habendi
1023 2603 1112 2680 suut,
1138 2602 1176 2669 ut
1200 2595 1293 2668 nulla
1316 2591 1493 2666 modona

255 2707 333 2779 riari
358 2707 499 2799 possint,
525 2707 640 2780 natali
657 2708 818 2800 spirituali
842 2709 1068 2782 emolumento
1092 2707 1232 2782 sodales
1252 2707 1320 2779 sint
1338 2701 1492 2778 fraudati.

327 2817 445 2904 Quoad
478 2818 683 2906 secundum,
710 2827 743 2894 et
775 2821 908 2894 tertium
933 2821 1175 2914 «Responsum
1201 2820 1235 2893 iu
1261 2818 1418 2914 primm.
1445 2817 1493 2890 lta

255 2929 432 3005 declaravit
457 2931 530 3004 sac.
557 2932 721 3028 congreg.
748 2933 803 3009 die
832 2939 876 3008 12
902 2935 978 3027 Maii
1005 2938 1110 3008 istst.

782 3123 784 3132 ’
826 3131 929 3230 nuit
1053 3183 1054 3190 a

711 3316 1036 3374 nannianoeomana
1136 3343 1139 3350 ·

329 3489 515 3584 Episcopus
542 3491 887 3586 Gratianopolitenus
912 3497 1087 3570 licentium
1111 3495 1258 3568 obtinuit
1283 3490 1437 3586 mipendi
1455 3492 1492 3561 in

257 3622 320 3676 san
345 3603 496 3678 dioecesi
516 3605 634 3697 plures
661 3605 879 3692 sodalitates,
893 3610 992 3701 pinrn
1011 3627 1144 3701 quoqne
1166 3607 1245 3681 Viae
1264 3607 1381 3680 annis
1399 3622 1491 3678 eam·

259 3716 387 3798 citium,
413 3736 473 3788 nec
497 3735 567 3789 non
593 3716 797 3792 declarandi
820 3739 927 3793 unum
953 3723 1072 3794 Altarc
1093 3721 1356 3814 priuilcpiatnoc
1381 3719 1418 3792 in
1433 3717 1494 3788 Ec·

260 3829 367 3902 clcsiis
388 3828 658 3922 parochialibus,
686 3852 728 3906 ac
754 3832 897 3925 denque
922 3834 1096 3908 Porocltos
1126 3833 1315 3928 deputandi
1337 3851 1404 3926 pro
1428 3829 1495 3901 inu·

256 3940 439 4032 partienda
464 3940 684 4034 indulqcntr'a
708 3946 874 4018 Plenarr'a
899 3946 935 4018 in
960 3947 1081 4021 Mortis
1106 3947 1280 4020 articulo:
1307 3942 1440 4035 quaerit
1471 3958 1496 4010 a

262 4054 338 4126 soc.
368 4049 638 4148 Conprepaticne
662 4060 779 4128 atrum
804 4056 872 4130 duo
911 4059 1036 4132 Vicarii
1070 4058 1252 4131 cenantes
1276 4049 1497 4148 (ditatores)

262 4163 409 4256 ejusdem
435 4167 604 4261 Episcopi,
632 4169 691 4259 qui
716 4187 793 4243 curn
818 4171 890 4264 ipsc
916 4189 1024 4245 anon
1044 4189 1231 4264 personam
1256 4167 1421 4242 moratae
1446 4159 1496 4254 cl·

258 4276 385 4369 ficiunt,
411 4279 533 4352 saltent
558 4280 676 4370 quoad
693 4281 970 4373 iurisdictionem
1003 4282 1241 4366 ordinarium,
1267 4280 1320 4357 uti
1345 4277 1498 4372 [mantnt
