3182 4922
595 345 813 412 -tsc-

104 480 293 573 qrcqatione
319 477 563 572 tudulqentiis,
591 482 771 574 sacrisque
800 481 964 571 lieliquiis
985 483 1205 574 praeposita,
1232 484 1270 554 ut
1294 483 1331 554 in

102 593 194 664 rebus
219 595 306 665 tanti
330 594 494 666 momenti
519 597 591 666 tuto
612 593 758 686 procedi
769 595 889 686 possit,
917 593 1001 684 quid
1026 593 1068 665 de
1094 591 1146 666 tris
1167 594 1332 685 deliquiis

103 703 266 796 mendum
291 707 403 780 enixis
423 707 584 799 precibus
594 707 797 799 postulauit.
816 707 1005 799 Propositis
1031 707 1148 797 doque
1169 707 1281 780 dubiis
1297 706 1334 778 in

101 819 311 907 qenerolibus
343 819 696 897 Eruimuticsimomm
724 819 872 892 Petram
904 818 1148 892 cardinalium
1182 818 1334 894 comitiis
1438 805 1447 824 ‘

101 929 193 1022 apud
220 931 415 1016 Quirinales
438 931 547 1006 tedes
572 930 699 1006 babilis
724 931 779 1006 die
805 937 851 1003 ab
877 932 1059 1009 Februarii
1086 935 1191 1004 tull.

169 1041 219 1122 l.⁰
245 1045 300 1120 An
327 1045 428 1120 licoat
452 1043 753 1123 indiscriminatim
783 1061 908 1125 omnes,
935 1048 967 1116 cl
991 1043 1145 1136 siequtas
1159 1097 1163 1104 .
1178 1043 1333 1116 inemtas

99 1154 268 1247 ueltquias
293 1155 446 1249 fidelium
470 1157 684 1230 umerationi
710 1175 901 1250 caponem
926 1154 1039 1247 eisque
1064 1154 1313 1238 distribuerat,

507 1271 550 1347 lu
574 1275 740 1361 mulsoue
765 1269 919 1361 negativa

168 1379 220 1460 ΒΡ
247 1381 302 1457 An
321 1381 422 1458 Cruci
446 1383 568 1456 saltam
585 1383 782 1465 Palatinae,
800 1399 843 1456 aa
860 1383 1035 1474 Reliqutts,
1063 1399 1152 1474 qaae
1168 1379 1334 1455 etaetatis
1382 1421 1384 1426 ,

98 1492 233 1585 [uerunt
250 1495 412 1576 inclusae,
440 1497 549 1568 cultas
565 1493 881 1588 supermittendas,
908 1498 1068 1589 ipsaeque
1092 1495 1247 1588 pdeuous
1266 1494 1334 1568 sini

99 1603 376 1693 distribuendae?

166 1720 221 1794 a.⁰
251 1719 342 1805 Quid
375 1720 549 1814 uqtadutn
581 1722 625 1795 ab
652 1723 820 1816 Episcopo
849 1723 943 1796 cirea
975 1728 1128 1796 meteres
1160 1719 1334 1813 Reliquiae

98 1833 187 1910 nullo
215 1831 419 1906 documento
444 1834 652 1910 roboratas?

163 1947 244 2020 Sao.
261 1946 493 2038 Couqrmuto,
509 1946 630 2020 audilis
647 1946 883 2023 Consultatum
901 1949 999 2032 volis,
1016 1947 1187 2038 rebusque
1203 1951 1335 2020 melaro

98 2061 253 2132 examine
278 2058 457 2143 discussis,
485 2059 758 2151 respondendum
784 2079 859 2134 esse
885 2061 1032 2134 decrerit
1055 2089 1068 2121 «
1088 2059 1140 2132 Ad
1156 2059 1335 2152 primum»

97 2173 255 2266 Neqalire
280 2171 357 2243 «Ad
374 2170 586 2245 secandum»
610 2169 817 2246 Affinnatlre
842 2173 954 2266 quoad
979 2173 1121 2246 Crucem
1142 2173 1334 2256 Palatinam,

97 2291 313 2376 caeterasque
339 2283 518 2376 Reliquias,
545 2301 632 2376 quae
649 2285 691 2357 ab
707 2285 873 2379 Episcopo
899 2286 966 2359 tide
991 2285 1139 2359 munitae
1156 2290 1235 2357 suot
1254 2312 1266 2345 ι
1282 2282 1336 2356 Aa

97 2398 254 2481 tertium»
278 2396 417 2482 Quoties
442 2402 572 2469 mustei
588 2396 632 2470 do
648 2397 905 2482 aalhonlloilale,
932 2397 1044 2472 audito
1061 2397 1164 2470 otiam·
1184 2395 1337 2488 capitulo

97 2527 175 2582 suae
201 2508 411 2582 cathedralis
436 2508 615 2593 Ecclesiae,
641 2510 763 2602 polerit
779 2510 965 2604 Episcopus
990 2511 1044 2583 vel
1068 2509 1101 2582 in
1127 2507 1261 2602 propria
1277 2506 1338 2580 Ga-

97 2622 239 2696 tbedceli
264 2621 412 2694 Ecclesia
437 2637 583 2707 morare,
610 2621 663 2696 rat
689 2621 762 2695 attis
786 2623 945 2700 Eoctosiis
969 2641 1050 2698 suae
1073 2621 1247 2696 Eloooesie
1270 2637 1338 2694 ser-

98 2735 226 2808 randus
259 2733 458 2808 detumuere
483 2751 562 2818 oum
586 2733 658 2807 solo
683 2735 815 2808 tilulo
802 2736 1005 2828 Reliquiae
1031 2736 1262 2810 sauciorum
1289 2733 1337 2867 ita

99 2844 280 2933 declararil
304 2845 360 2920 dio
385 2851 432 2918 bi
457 2845 627 2922 Februarii
655 2849 760 2919 t8ll.

614 3057 819 3132 uuxxxul

573 3213 868 3285 euuunru'cu.

175 3407 356 3503 Proposito
390 3406 495 3481 dubio
528 3408 573 3482 ob
607 3408 870 3504 trobioptscopo
905 3406 1136 3481 camerinensi
1169 3431 1182 3468 ι
1217 3403 1336 3480 linem

99 3523 357 3616 trabiopiscopi
381 3522 516 3604 ratione
542 3519 722 3614 diqnitotie
746 3521 917 3616 inpetriri
938 3521 1069 3615 possim
1099 3515 1256 3614 fidelibus
1280 3519 1336 3591 tn-

99 3637 316 3730 dulqeutiam
342 3636 517 3728 omoqiuta
542 3633 677 3710 mrum
688 3640 769 3729 post
786 3634 1051 3710 moedictioucm
1076 3651 1154 3708 arm
1176 3631 1251 3708 Fen.
1272 3631 1339 3704 Ele

101 3747 287 3822 oboristiae
321 3749 564 3829 Sacramenta,
597 3765 656 3825 sou
684 3751 764 3840 post
797 3765 1028 3840 quascumque
1058 3747 1149 3821 altas
1175 3747 1338 3838 peruetus

99 3862 300 3953 proauones,
327 3879 404 3933 cum
430 3859 628 3954 Porothlooto
645 3861 840 3934 Romanum
865 3860 1101 3953 quadruplata
1118 3861 1253 3934 tantum
1270 3856 1339 3929 die-

100 3991 179 4046 rum
206 3971 460 4064 lodulqentiam
480 3973 721 4066 praescribat?

174 4088 250 4158 See.
278 4085 497 4178 congregatio
522 4085 695 4179 respondit
719 4086 953 4160 ‹Servandaur
971 4101 1047 4159 esse
1064 4079 1256 4159 Pontificaie
1276 4081 1339 4153 Ro
1482 4083 1485 4088 “

102 4217 269 4272 manum»
294 4199 336 4272 Et
359 4199 403 4275 ita
430 4197 576 4273 decrevit
601 4199 655 4272 dio
681 4204 727 4270 aa
753 4201 922 4274 Februarii
951 4203 1055 4272 isit.
