3182 4922
11 319 12 412 l
594 373 810 440 -soo-

99 503 244 596 rageudm
279 503 463 579 dummodo
488 513 634 581 caemras
660 527 778 584 omnes
803 507 1010 584 conditiones
1032 505 1175 583 docitur
1200 505 1303 584 adim⁴

98 617 252 708 pierariut.

11 821 12 824 p
157 731 357 824 Quapropter
381 730 498 805 eadem
530 735 692 807 Sanctitas
725 736 791 807 Sua
823 735 916 827 pium
949 736 1013 808 boc
1044 735 1234 807 institutum
1259 734 1302 807 ad

11 829 13 986 J
96 841 333 917 saluberrimum
358 845 523 920 Missionis
549 865 634 940 opus
660 846 851 932 iurandum,
866 853 912 920 ·et
940 846 1217 921 substentandum
1234 847 1306 939 plu·

94 953 201 1028 dmum
225 957 260 1028 in
284 956 427 1030 Domino
453 956 702 1043 commendans,
728 959 948 1031 haecomnia
980 959 1167 1051 privilegia,
1193 964 1227 1031 et
1251 959 1304 1031 lu·

95 1065 262 1158 dulgenties
288 1067 477 1161 apostolica
504 1069 695 1143 auctoritate
713 1087 894 1143 concessas
909 1069 1070 1163 publicari
1086 1071 1151 1144 boo
1166 1069 1305 1144 Decreto

93 1179 205 1270 absque
229 1181 296 1252 ulta
321 1181 436 1254 Breuis
469 1183 681 1276 expeditione
709 1183 898 1268 mandarit,
932 1189 969 1255 ut
1001 1199 1119 1255 omnes
1139 1181 1304 1256 ‘christid-

93 1289 170 1363 deles
193 1293 304 1366 eidem
330 1292 486 1386 adscripti
523 1295 668 1386 elargitis
705 1295 937 1387 indulgentiis,
972 1300 1006 1368 et
1036 1295 1158 1366 Gratiis
1180 1293 1315 1387 pertrui

91 1402 213 1488 ratmot,
240 1405 367 1496 quibus
394 1407 492 1479 etiam
518 1413 585 1480 tarn
611 1407 706 1492 viris,
725 1425 826 1498 uuam
846 1407 1010 1480 defunctis
1027 1423 1225 1480 conoessum
1242 1412 1310 1491 est,

90 1521 120 1586 ut
140 1517 313 1610 participes
339 1517 406 1590 sint
431 1519 607 1602 Laborem,
634 1519 845 1604 orationum,
872 1519 1109 1609 suffragiorum
1137 1537 1175 1590 ac
1199 1517 1305 1590 Sacri·

89 1625 234 1712 liciorum,
264 1647 351 1720 quae
376 1647 439 1721 pro
465 1630 545 1723 ipsis
584 1630 626 1703 ab
664 1632 848 1723 Episcopis‚
874 1639 907 1703 et
931 1631 1147 1705 Missionariis
1173 1647 1233 1722 per
1257 1636 1305 1704 to

88 1743 147 1812 tum
170 1741 306 1826 Orbem,
333 1757 372 1814 ao
397 1742 441 1814 ab
466 1743 622 1814 universa
648 1743 810 1816 societate
834 1743 1051 1835 applicantur.

147 1853 267 1926 ilatum
293 1855 420 1927 Rornae
445 1872 488 1926 ex
505 1855 689 1928 secretaria
704 1857 825 1927 Sacrae
840 1855 1114 1948 congregationis
1128 1853 1315 2011 indulgeo

87 1963 191 2039 iarum
216 1965 275 2041 die
303 1971 347 2038 l7
376 1966 529 2042 Octobris
557 1972 662 2040 leit.

675 2079 710 2153 p
737 2081 841 2154 Cano
868 2079 1040 2165 dsouorous
1066 2083 1279 2156 Pnarrucros

694 2195 735 2265 Α.
750 2192 889 2287 Arcbtp.
906 2193 1110 2302 ffloztoutli
1129 2193 1265 2268 Sabelle

604 2441 773 2518 uxovln.
875 2437 878 2444 ’

550 2655 897 2712 aaaorsrrronors¹
1027 2651 1029 2658 “
1174 2633 1184 2647 ’

144 2861 190 2934 Ne
215 2859 337 2934 fideles
370 2861 414 2933 ob
441 2861 638 2954 apocriphas
675 2861 899 2954 indulgentias
928 2861 1145 2956 decipiantur,
1178 2859 1305 2942 delatae

83 2969 205 3046 luerunt
230 2991 351 3068 preces
377 2972 456 3046 buio
481 2973 602 3045 Sacrae
627 2972 881 3065 congregationi
896 2973 1113 3066 indulgentiis
1128 2977 1307 3070 Saorqu

81 3081 229 3176 lteliquiis
257 3085 469 3178 praepositae
493 3103 555 3177 pro
580 3083 811 3172 declaratione,
829 3105 871 3158 an
888 3086 1045 3171 Orationi,
1063 3088 1159 3178 cujus
1175 3087 1306 3162 initium

81 3195 141 3266 Ace
164 3199 287 3272 Morio
314 3195 490 3270 doloribus
510 3197 618 3289 pirou
643 3201 703 3270 etc.
743 3216 829 3288 quae
853 3197 936 3270 Divo
961 3199 1212 3273 Mnaseuturae
1243 3199 1305 3272 Ec·

81 3306 189 3382 clasiae
205 3309 344 3383 Ductori
362 3307 528 3392 tribuitur,
545 3324 661 3382 rerem
678 3307 905 3400 indulgentiae
921 3327 939 3380 a
957 3308 1128 3382 Clemente
1143 3309 1221 3382 XIV
1233 3321 1305 3383 sau.

80 3435 138 3492 me.
162 3423 230 3495 sint
247 3421 414 3506 adnexae,
431 3427 532 3515 prout
547 3421 585 3493 in
600 3421 765 3512 aliquibus
780 3419 985 3514 imaginibus
1001 3421 1037 3496 B.
1054 3423 1097 3498 tt.
1111 3422 1152 3495 V.
1168 3420 1307 3515 Septem

79 3531 241 3621 Dobmm,
270 3553 358 3628 quae
382 3551 445 3628 per
470 3531 595 3607 Orbem
613 3534 898 3619 circumiemntur,
915 3535 1079 3628 reperitur
1094 3533 1307 3627 inscriptum3

79 3659 147 3718 cum
173 3665 256 3722 aero
282 3647 363 3722 huic
387 3645 498 3720 eidem
524 3647 597 3720 Sao.
624 3645 880 3742 Congregatioui
903 3646 946 3721 de
969 3648 1116 3740 praelata
1131 3645 1309 3737 indulgen·

78 3755 188 3832 liarum
214 3761 466 3835 authenticitate
491 3775 559 3832 nou
585 3765 724 3843 constet,
741 3759 977 3834 Sanctissimae
997 3761 1171 3834 Dominus*
1187 3757 1308 3834 Noster

78 3867 148 3943 Pius
172 3873 237 3948 PP.
264 3875 311 3946 lli
337 3874 372 3945 in
398 3871 577 3946 dudiemia
602 3861 739 3944 dieite
772 3872 966 3947 Decembris
1001 3877 1093 3946 l8i7
1126 3873 1308 3946 clementer

78 3979 216 4071 indulsit,
244 3993 283 4058 ut
308 4001 428 4058 omues
453 3983 630 4075 utriusque
655 4001 758 4056 serus
784 3983 1033 4070 christifideles,
1058 3984 1188 4076 quoties
1205 3981 1307 4056 corde

77 4093 186 4167 saleru
214 4097 359 4170 contrito
386 4113 425 4167 ac
451 4093 572 4168 devote
589 4092 790 4187 praedictam
808 4095 997 4170 Orationem
1015 4095 1234 4178 recitaverint,
1255 4099 1305 4166 to·

76 4203 132 4278 ties
148 4216 287 4282 centum
312 4207 446 4282 dierum
462 4207 705 4298 indulgentiam
722 4207 842 4280 lucrari
854 4209 993 4299 possint,
1008 4213 1042 4281 et
1053 4207 1193 4280 valeant.
1208 4207 1307 4278 Prae·

76 4321 155 4392 sonti
182 4321 356 4416 perpetuis
374 4319 495 4394 tuturis
512 4319 718 4414 temporibus
735 4319 874 4392 valituro
892 4321 1019 4412 absque
1035 4320 1099 4393 ulla
1116 4317 1231 4394 Brevis
1251 4335 1308 4390 ex·
