<?xml version="1.0" encoding="UTF-8"?>
<!DOCTYPE html PUBLIC "-//W3C//DTD XHTML 1.0 Transitional//EN"
    "http://www.w3.org/TR/xhtml1/DTD/xhtml1-transitional.dtd">
<html xmlns="http://www.w3.org/1999/xhtml" xml:lang="en" lang="en">
 <head>
  <title>
</title>
<meta http-equiv="Content-Type" content="text/html;charset=utf-8" />
  <meta name='ocr-system' content='tesseract 3.04.00' />
  <meta name='ocr-capabilities' content='ocr_page ocr_carea ocr_par ocr_line ocrx_word'/>
</head>
<body>
  <div class='ocr_page' id='page_1' title='image "./resolutionesseu00pringoog_0548.png"; bbox 0 0 3068 4922; ppageno 0'>
   <div class='ocr_carea' id='block_1_1' title="bbox 560 377 780 444">
    <p class='ocr_par' dir='ltr' id='par_1_1' title="bbox 560 377 780 444">
     <span class='ocr_line' id='line_1_1' title="bbox 560 377 780 444; baseline 0.009 -2"><span class='ocrx_word' id='word_1_1' title='bbox 560 377 705 444; x_wconf 77' lang='lat' dir='ltr'><strong>-ete</strong></span> <span class='ocrx_word' id='word_1_2' title='bbox 734 409 780 426; x_wconf 92' lang='grc'>-</span> 
     </span>
    </p>
   </div>
   <div class='ocr_carea' id='block_1_2' title="bbox 471 565 911 780">
    <p class='ocr_par' dir='ltr' id='par_1_2' title="bbox 471 565 911 780">
     <span class='ocr_line' id='line_1_2' title="bbox 576 565 911 658; baseline -0.012 -16"><span class='ocrx_word' id='word_1_3' title='bbox 576 565 769 642; x_wconf 84' lang='lat' dir='ltr'><strong>mcxxxv.</strong></span> <span class='ocrx_word' id='word_1_4' title='bbox 909 653 911 658; x_wconf 66' lang='lat'><strong>,</strong></span> 
     </span>
     <span class='ocr_line' id='line_1_3' title="bbox 471 721 876 780; baseline 0.005 -2"><span class='ocrx_word' id='word_1_5' title='bbox 471 723 600 780; x_wconf 70' lang='lat' dir='ltr'><strong>demntia</strong></span> <span class='ocrx_word' id='word_1_6' title='bbox 625 721 876 780; x_wconf 74' lang='lat' dir='ltr'><strong>cmmnmlslnlt</strong></span> 
     </span>
    </p>
   </div>
   <div class='ocr_carea' id='block_1_3' title="bbox 1 841 1293 940">
    <p class='ocr_par' dir='ltr' id='par_1_3' title="bbox 1 841 1293 940">
     <span class='ocr_line' id='line_1_4' title="bbox 1 841 1293 940; baseline 0.005 -24"><span class='ocrx_word' id='word_1_7' title='bbox 1 854 6 925; x_wconf 83' lang='lat' dir='ltr'><strong>t</strong></span> <span class='ocrx_word' id='word_1_8' title='bbox 125 842 176 916; x_wconf 77' lang='lat' dir='ltr'><strong>id</strong></span> <span class='ocrx_word' id='word_1_9' title='bbox 200 842 405 918; x_wconf 80' lang='lat' dir='ltr'><strong>humilimas</strong></span> <span class='ocrx_word' id='word_1_10' title='bbox 444 861 562 936; x_wconf 79' lang='lat' dir='ltr'>preces</span> <span class='ocrx_word' id='word_1_11' title='bbox 587 843 934 940; x_wconf 79' lang='lat' dir='ltr'><strong>Reverendisaimill.</strong></span> <span class='ocrx_word' id='word_1_12' title='bbox 961 841 1143 918; x_wconf 71' lang='lat' dir='ltr'><strong>theobaldi</strong></span> <span class='ocrx_word' id='word_1_13' title='bbox 1180 846 1293 922; x_wconf 84' lang='lat' dir='ltr'><strong>cesari</strong></span> 
     </span>
    </p>
   </div>
   <div class='ocr_carea' id='block_1_4' title="bbox 64 949 1373 1501">
    <p class='ocr_par' dir='ltr' id='par_1_4' title="bbox 64 949 1373 1501">
     <span class='ocr_line' id='line_1_5' title="bbox 67 949 1373 1035; baseline 0.005 -6"><span class='ocrx_word' id='word_1_14' title='bbox 67 955 189 1029; x_wconf 79' lang='lat' dir='ltr'><strong>lenam</strong></span> <span class='ocrx_word' id='word_1_15' title='bbox 215 955 407 1030; x_wconf 88' lang='lat' dir='ltr'><strong>llnnasterii</strong></span> <span class='ocrx_word' id='word_1_16' title='bbox 425 956 459 1028; x_wconf 91' lang='lat' dir='ltr'><strong>S.</strong></span> <span class='ocrx_word' id='word_1_17' title='bbox 477 955 637 1030; x_wconf 89' lang='lat' dir='ltr'><strong>Bernandi</strong></span> <span class='ocrx_word' id='word_1_18' title='bbox 664 955 707 1029; x_wconf 92' lang='lat' dir='ltr'><strong>de</strong></span> <span class='ocrx_word' id='word_1_19' title='bbox 723 955 812 1030; x_wconf 83' lang='lat' dir='ltr'><strong>Urbe</strong></span> <span class='ocrx_word' id='word_1_20' title='bbox 838 973 877 1028; x_wconf 92' lang='lat' dir='ltr'><strong>ac</strong></span> <span class='ocrx_word' id='word_1_21' title='bbox 902 955 1003 1030; x_wconf 89' lang='lat' dir='ltr'><strong>totius</strong></span> <span class='ocrx_word' id='word_1_22' title='bbox 1021 957 1156 1031; x_wconf 87' lang='lat' dir='ltr'><strong>Ordinis</strong></span> <span class='ocrx_word' id='word_1_23' title='bbox 1173 957 1295 1035; x_wconf 86' lang='lat' dir='ltr'><strong>Cister-</strong></span> <span class='ocrx_word' id='word_1_24' title='bbox 1370 949 1373 954; x_wconf 76' lang='grc'><strong>’</strong></span> 
     </span>
     <span class='ocr_line' id='line_1_6' title="bbox 67 1065 1294 1147; baseline 0.004 -5"><span class='ocrx_word' id='word_1_25' title='bbox 67 1069 202 1142; x_wconf 84' lang='lat' dir='ltr'><strong>censium</strong></span> <span class='ocrx_word' id='word_1_26' title='bbox 229 1069 402 1142; x_wconf 84' lang='lat' dir='ltr'><strong>Generalis</strong></span> <span class='ocrx_word' id='word_1_27' title='bbox 428 1068 655 1142; x_wconf 72' lang='lat' dir='ltr'><strong>Procurator-is</strong></span> <span class='ocrx_word' id='word_1_28' title='bbox 679 1065 918 1142; x_wconf 84' lang='lat' dir='ltr'><strong>sanctissimus</strong></span> <span class='ocrx_word' id='word_1_29' title='bbox 943 1069 983 1142; x_wconf 88' lang='grc' dir='ltr'><strong>Ι).</strong></span> <span class='ocrx_word' id='word_1_30' title='bbox 1000 1070 1040 1144; x_wconf 89' lang='grc' dir='ltr'><strong>Ν.</strong></span> <span class='ocrx_word' id='word_1_31' title='bbox 1058 1071 1138 1144; x_wconf 90' lang='lat' dir='ltr'><strong>Plus</strong></span> <span class='ocrx_word' id='word_1_32' title='bbox 1162 1071 1225 1144; x_wconf 85' lang='lat' dir='ltr'><strong>PP.</strong></span> <span class='ocrx_word' id='word_1_33' title='bbox 1247 1073 1294 1147; x_wconf 84' lang='lat' dir='ltr'><strong>lx</strong></span> 
     </span>
     <span class='ocr_line' id='line_1_7' title="bbox 65 1179 1295 1272; baseline 0.005 -20"><span class='ocrx_word' id='word_1_34' title='bbox 65 1179 195 1272; x_wconf 79' lang='lat' dir='ltr'><strong>henigne</strong></span> <span class='ocrx_word' id='word_1_35' title='bbox 220 1180 411 1266; x_wconf 87' lang='lat' dir='ltr'><strong>inclinatus,</strong></span> <span class='ocrx_word' id='word_1_36' title='bbox 438 1181 595 1254; x_wconf 88' lang='lat' dir='ltr'><strong>omnibus</strong></span> <span class='ocrx_word' id='word_1_37' title='bbox 620 1181 797 1272; x_wconf 84' lang='lat' dir='ltr'><strong>utriusque</strong></span> <span class='ocrx_word' id='word_1_38' title='bbox 819 1197 925 1254; x_wconf 83' lang='lat' dir='ltr'><strong>sexus</strong></span> <span class='ocrx_word' id='word_1_39' title='bbox 942 1181 1221 1258; x_wconf 83' lang='lat' dir='ltr'><strong>christifidelibus</strong></span> <span class='ocrx_word' id='word_1_40' title='bbox 1238 1186 1295 1258; x_wconf 75' lang='lat' dir='ltr'><strong>Sa—</strong></span> 
     </span>
     <span class='ocr_line' id='line_1_8' title="bbox 65 1292 1292 1370; baseline 0.004 -5"><span class='ocrx_word' id='word_1_41' title='bbox 65 1311 110 1365; x_wconf 89' lang='lat' dir='ltr'><strong>uo</strong></span> <span class='ocrx_word' id='word_1_42' title='bbox 131 1293 328 1368; x_wconf 79' lang='lat' dir='ltr'><strong>Novanmall</strong></span> <span class='ocrx_word' id='word_1_43' title='bbox 352 1293 477 1366; x_wconf 87' lang='lat' dir='ltr'><strong>testum</strong></span> <span class='ocrx_word' id='word_1_44' title='bbox 501 1296 536 1366; x_wconf 88' lang='lat' dir='ltr'><strong>S.</strong></span> <span class='ocrx_word' id='word_1_45' title='bbox 562 1292 723 1367; x_wconf 89' lang='lat' dir='ltr'><strong>Bernardi</strong></span> <span class='ocrx_word' id='word_1_46' title='bbox 744 1292 883 1366; x_wconf 84' lang='lat' dir='ltr'><strong>Abbatls</strong></span> <span class='ocrx_word' id='word_1_47' title='bbox 900 1299 933 1366; x_wconf 94' lang='lat' dir='ltr'><strong>et</strong></span> <span class='ocrx_word' id='word_1_48' title='bbox 949 1293 1117 1368; x_wconf 77' lang='lat' dir='ltr'><strong>Ecclesiae</strong></span> <span class='ocrx_word' id='word_1_49' title='bbox 1142 1297 1292 1370; x_wconf 84' lang='lat' dir='ltr'><strong>Doctoria</strong></span> 
     </span>
     <span class='ocr_line' id='line_1_9' title="bbox 64 1402 1292 1501; baseline 0.004 -23"><span class='ocrx_word' id='word_1_50' title='bbox 64 1402 250 1501; x_wconf 75' lang='lat' dir='ltr'><strong>immediate]</strong></span> <span class='ocrx_word' id='word_1_51' title='bbox 275 1405 486 1498; x_wconf 74' lang='lat' dir='ltr'><strong>praecedenti</strong></span> <span class='ocrx_word' id='word_1_52' title='bbox 512 1405 546 1478; x_wconf 92' lang='lat' dir='ltr'><strong>in</strong></span> <span class='ocrx_word' id='word_1_53' title='bbox 572 1423 787 1498; x_wconf 91' lang='lat' dir='ltr'><strong>quacumque</strong></span> <span class='ocrx_word' id='word_1_54' title='bbox 813 1405 919 1498; x_wconf 86' lang='lat' dir='ltr'><strong>ipsius</strong></span> <span class='ocrx_word' id='word_1_55' title='bbox 945 1405 1079 1480; x_wconf 88' lang='lat' dir='ltr'><strong>Ordinis</strong></span> <span class='ocrx_word' id='word_1_56' title='bbox 1105 1407 1292 1482; x_wconf 82' lang='lat' dir='ltr'><strong>clsterceu-</strong></span> 
     </span>
    </p>
   </div>
   <div class='ocr_carea' id='block_1_5' title="bbox 1 1517 1294 1611">
    <p class='ocr_par' dir='ltr' id='par_1_5' title="bbox 1 1517 1294 1611">
     <span class='ocr_line' id='line_1_10' title="bbox 1 1517 1294 1611; baseline 0.005 -21"><span class='ocrx_word' id='word_1_57' title='bbox 1 1522 5 1533; x_wconf 90' lang='grc'><strong>“</strong></span> <span class='ocrx_word' id='word_1_58' title='bbox 64 1519 138 1591; x_wconf 88' lang='lat' dir='ltr'><strong>einm</strong></span> <span class='ocrx_word' id='word_1_59' title='bbox 162 1519 315 1592; x_wconf 79' lang='lat' dir='ltr'><strong>Ecclesia</strong></span> <span class='ocrx_word' id='word_1_60' title='bbox 339 1517 533 1611; x_wconf 86' lang='lat' dir='ltr'><strong>peragendo</strong></span> <span class='ocrx_word' id='word_1_61' title='bbox 559 1517 846 1602; x_wconf 80' lang='lat' dir='ltr'><strong>interessentilvus,</strong></span> <span class='ocrx_word' id='word_1_62' title='bbox 872 1537 941 1610; x_wconf 92' lang='lat' dir='ltr'><strong>qno</strong></span> <span class='ocrx_word' id='word_1_63' title='bbox 966 1519 1021 1592; x_wconf 90' lang='lat' dir='ltr'><strong>die</strong></span> <span class='ocrx_word' id='word_1_64' title='bbox 1046 1517 1147 1594; x_wconf 87' lang='lat' dir='ltr'><strong>corde</strong></span> <span class='ocrx_word' id='word_1_65' title='bbox 1175 1521 1294 1596; x_wconf 89' lang='lat' dir='ltr'><strong>saltem</strong></span> 
     </span>
    </p>
   </div>
   <div class='ocr_carea' id='block_1_6' title="bbox 59 1630 1295 2400">
    <p class='ocr_par' dir='ltr' id='par_1_6' title="bbox 59 1630 1295 2400">
     <span class='ocr_line' id='line_1_11' title="bbox 63 1630 1294 1727; baseline 0.004 -24"><span class='ocrx_word' id='word_1_66' title='bbox 63 1633 191 1705; x_wconf 86' lang='lat' dir='ltr'><strong>mutrito</strong></span> <span class='ocrx_word' id='word_1_67' title='bbox 205 1647 245 1704; x_wconf 92' lang='lat' dir='ltr'><strong>ac</strong></span> <span class='ocrx_word' id='word_1_68' title='bbox 258 1631 378 1704; x_wconf 86' lang='lat' dir='ltr'><strong>devote</strong></span> <span class='ocrx_word' id='word_1_69' title='bbox 391 1631 611 1714; x_wconf 80' lang='lat' dir='ltr'><strong>interfuerint,</strong></span> <span class='ocrx_word' id='word_1_70' title='bbox 625 1630 870 1723; x_wconf 85' lang='lat' dir='ltr'><strong>Indulgentiam</strong></span> <span class='ocrx_word' id='word_1_71' title='bbox 889 1635 1076 1706; x_wconf 82' lang='lat' dir='ltr'><strong>termentum</strong></span> <span class='ocrx_word' id='word_1_72' title='bbox 1090 1631 1221 1707; x_wconf 90' lang='lat' dir='ltr'><strong>dlernm</strong></span> <span class='ocrx_word' id='word_1_73' title='bbox 1233 1651 1294 1727; x_wconf 91' lang='lat' dir='ltr'><strong>pe·</strong></span> 
     </span>
     <span class='ocr_line' id='line_1_12' title="bbox 62 1743 1294 1842; baseline 0.003 -24"><span class='ocrx_word' id='word_1_74' title='bbox 62 1751 219 1818; x_wconf 86' lang='lat' dir='ltr'><strong>umantcr</strong></span> <span class='ocrx_word' id='word_1_75' title='bbox 235 1751 290 1818; x_wconf 83' lang='lat' dir='ltr'><strong>eat</strong></span> <span class='ocrx_word' id='word_1_76' title='bbox 306 1744 474 1837; x_wconf 87' lang='lat' dir='ltr'><strong>elargitus.</strong></span> <span class='ocrx_word' id='word_1_77' title='bbox 500 1745 544 1818; x_wconf 89' lang='lat' dir='ltr'><strong>lis</strong></span> <span class='ocrx_word' id='word_1_78' title='bbox 569 1763 650 1819; x_wconf 88' lang='lat' dir='ltr'><strong>vero</strong></span> <span class='ocrx_word' id='word_1_79' title='bbox 676 1743 966 1829; x_wconf 80' lang='lat' dir='ltr'><strong>cunstitidelihus,</strong></span> <span class='ocrx_word' id='word_1_80' title='bbox 992 1745 1050 1836; x_wconf 92' lang='lat' dir='ltr'><strong>qui</strong></span> <span class='ocrx_word' id='word_1_81' title='bbox 1068 1745 1214 1842; x_wconf 88' lang='lat' dir='ltr'><strong>praelato</strong></span> <span class='ocrx_word' id='word_1_82' title='bbox 1229 1745 1294 1822; x_wconf 85' lang='lat' dir='ltr'><strong>lto</strong></span> 
     </span>
     <span class='ocr_line' id='line_1_13' title="bbox 61 1855 1294 1950; baseline 0.006 -24"><span class='ocrx_word' id='word_1_83' title='bbox 61 1855 194 1931; x_wconf 86' lang='lat' dir='ltr'><strong>vendiali</strong></span> <span class='ocrx_word' id='word_1_84' title='bbox 211 1857 395 1950; x_wconf 84' lang='lat' dir='ltr'><strong>quinquies</strong></span> <span class='ocrx_word' id='word_1_85' title='bbox 410 1857 478 1950; x_wconf 74' lang='lat' dir='ltr'><strong>iam</strong></span> <span class='ocrx_word' id='word_1_86' title='bbox 496 1857 715 1942; x_wconf 77' lang='lat' dir='ltr'><strong>interfuerint,</strong></span> <span class='ocrx_word' id='word_1_87' title='bbox 732 1855 977 1949; x_wconf 81' lang='lat' dir='ltr'><strong>indulgentiam</strong></span> <span class='ocrx_word' id='word_1_88' title='bbox 990 1857 1174 1932; x_wconf 83' lang='lat' dir='ltr'><strong>Plenariam</strong></span> <span class='ocrx_word' id='word_1_89' title='bbox 1187 1859 1294 1935; x_wconf 88' lang='lat' dir='ltr'><strong>semel</strong></span> 
     </span>
     <span class='ocr_line' id='line_1_14' title="bbox 61 1969 1295 2063; baseline 0.003 -22"><span class='ocrx_word' id='word_1_90' title='bbox 61 1975 180 2043; x_wconf 77' lang='lat' dir='ltr'><strong>uotum</strong></span> <span class='ocrx_word' id='word_1_91' title='bbox 206 1969 446 2062; x_wconf 86' lang='lat' dir='ltr'><strong>acquirendam</strong></span> <span class='ocrx_word' id='word_1_92' title='bbox 475 1971 526 2044; x_wconf 92' lang='lat' dir='ltr'><strong>vel</strong></span> <span class='ocrx_word' id='word_1_93' title='bbox 551 1971 585 2043; x_wconf 90' lang='lat' dir='ltr'><strong>in</strong></span> <span class='ocrx_word' id='word_1_94' title='bbox 612 1971 686 2063; x_wconf 89' lang='lat' dir='ltr'><strong>ipso</strong></span> <span class='ocrx_word' id='word_1_95' title='bbox 702 1969 898 2053; x_wconf 90' lang='lat' dir='ltr'><strong>Novendali,</strong></span> <span class='ocrx_word' id='word_1_96' title='bbox 925 1971 978 2043; x_wconf 89' lang='lat' dir='ltr'><strong>vel</strong></span> <span class='ocrx_word' id='word_1_97' title='bbox 1002 1971 1037 2043; x_wconf 91' lang='lat' dir='ltr'><strong>in</strong></span> <span class='ocrx_word' id='word_1_98' title='bbox 1063 1971 1148 2046; x_wconf 84' lang='lat' dir='ltr'><strong>testo</strong></span> <span class='ocrx_word' id='word_1_99' title='bbox 1166 1977 1199 2044; x_wconf 92' lang='lat' dir='ltr'><strong>et</strong></span> <span class='ocrx_word' id='word_1_100' title='bbox 1216 1972 1295 2045; x_wconf 84' lang='lat' dir='ltr'><strong>octi-</strong></span> 
     </span>
     <span class='ocr_line' id='line_1_15' title="bbox 60 2081 1293 2176; baseline 0.003 -23"><span class='ocrx_word' id='word_1_101' title='bbox 60 2081 117 2154; x_wconf 91' lang='lat' dir='ltr'><strong>duo</strong></span> <span class='ocrx_word' id='word_1_102' title='bbox 133 2081 290 2176; x_wconf 81' lang='lat' dir='ltr'><strong>ejusdem</strong></span> <span class='ocrx_word' id='word_1_103' title='bbox 307 2083 430 2168; x_wconf 88' lang='lat' dir='ltr'><strong>Sancti,</strong></span> <span class='ocrx_word' id='word_1_104' title='bbox 448 2084 478 2156; x_wconf 91' lang='lat' dir='ltr'><strong>si</strong></span> <span class='ocrx_word' id='word_1_105' title='bbox 495 2101 533 2156; x_wconf 91' lang='lat' dir='ltr'><strong>ea</strong></span> <span class='ocrx_word' id='word_1_106' title='bbox 551 2081 606 2156; x_wconf 90' lang='lat' dir='ltr'><strong>dle</strong></span> <span class='ocrx_word' id='word_1_107' title='bbox 631 2099 709 2156; x_wconf 92' lang='lat' dir='ltr'><strong>vere</strong></span> <span class='ocrx_word' id='word_1_108' title='bbox 736 2082 945 2176; x_wconf 89' lang='lat' dir='ltr'><strong>poenitentes</strong></span> <span class='ocrx_word' id='word_1_109' title='bbox 962 2081 1117 2169; x_wconf 77' lang='lat' dir='ltr'><strong>confessi,</strong></span> <span class='ocrx_word' id='word_1_110' title='bbox 1136 2101 1175 2157; x_wconf 91' lang='lat' dir='ltr'><strong>ac</strong></span> <span class='ocrx_word' id='word_1_111' title='bbox 1191 2085 1293 2158; x_wconf 87' lang='lat' dir='ltr'><strong>Sacra</strong></span> 
     </span>
     <span class='ocr_line' id='line_1_16' title="bbox 60 2195 1293 2289; baseline 0.001 -21"><span class='ocrx_word' id='word_1_112' title='bbox 60 2195 297 2269; x_wconf 81' lang='lat' dir='ltr'><strong>communione</strong></span> <span class='ocrx_word' id='word_1_113' title='bbox 322 2195 436 2269; x_wconf 89' lang='lat' dir='ltr'><strong>reiecti</strong></span> <span class='ocrx_word' id='word_1_114' title='bbox 459 2196 592 2280; x_wconf 88' lang='lat' dir='ltr'><strong>luerint,</strong></span> <span class='ocrx_word' id='word_1_115' title='bbox 611 2201 644 2268; x_wconf 92' lang='lat' dir='ltr'><strong>et</strong></span> <span class='ocrx_word' id='word_1_116' title='bbox 661 2195 806 2288; x_wconf 88' lang='lat' dir='ltr'><strong>aliquam</strong></span> <span class='ocrx_word' id='word_1_117' title='bbox 824 2195 1016 2278; x_wconf 81' lang='lat' dir='ltr'><strong>Ecclesiam,</strong></span> <span class='ocrx_word' id='word_1_118' title='bbox 1035 2214 1096 2269; x_wconf 91' lang='lat' dir='ltr'><strong>sen</strong></span> <span class='ocrx_word' id='word_1_119' title='bbox 1122 2197 1293 2289; x_wconf 82' lang='lat' dir='ltr'><strong>poblicum</strong></span> 
     </span>
     <span class='ocr_line' id='line_1_17' title="bbox 59 2307 1293 2400; baseline 0.002 -22"><span class='ocrx_word' id='word_1_120' title='bbox 59 2307 240 2382; x_wconf 81' lang='lat' dir='ltr'><strong>oratorium</strong></span> <span class='ocrx_word' id='word_1_121' title='bbox 266 2307 481 2392; x_wconf 80' lang='lat' dir='ltr'><strong>visitaverint,</strong></span> <span class='ocrx_word' id='word_1_122' title='bbox 499 2309 613 2400; x_wconf 87' lang='lat' dir='ltr'><strong>ibique</strong></span> <span class='ocrx_word' id='word_1_123' title='bbox 631 2326 692 2400; x_wconf 90' lang='lat' dir='ltr'><strong>per</strong></span> <span class='ocrx_word' id='word_1_124' title='bbox 708 2307 844 2398; x_wconf 87' lang='lat' dir='ltr'><strong>aliquod</strong></span> <span class='ocrx_word' id='word_1_125' title='bbox 862 2308 1021 2400; x_wconf 87' lang='lat' dir='ltr'><strong>temporis</strong></span> <span class='ocrx_word' id='word_1_126' title='bbox 1037 2309 1183 2399; x_wconf 87' lang='lat' dir='ltr'><strong>spatium</strong></span> <span class='ocrx_word' id='word_1_127' title='bbox 1199 2309 1293 2400; x_wconf 82' lang='lat' dir='ltr'><strong>justa</strong></span> 
     </span>
    </p>
   </div>
   <div class='ocr_carea' id='block_1_7' title="bbox 1 2419 1292 2514">
    <p class='ocr_par' dir='ltr' id='par_1_7' title="bbox 1 2419 1292 2514">
     <span class='ocr_line' id='line_1_18' title="bbox 1 2419 1292 2514; baseline 0.002 -23"><span class='ocrx_word' id='word_1_128' title='bbox 1 2430 3 2478; x_wconf 65' lang='grc' dir='ltr'><em>ὲ</em></span> <span class='ocrx_word' id='word_1_129' title='bbox 58 2427 198 2494; x_wconf 90' lang='lat' dir='ltr'><strong>mentem</strong></span> <span class='ocrx_word' id='word_1_130' title='bbox 216 2421 406 2493; x_wconf 74' lang='lat' dir='ltr'><strong>Sanctitate</strong></span> <span class='ocrx_word' id='word_1_131' title='bbox 422 2421 510 2495; x_wconf 87' lang='lat' dir='ltr'><strong>Suae</strong></span> <span class='ocrx_word' id='word_1_132' title='bbox 526 2421 599 2514; x_wconf 90' lang='lat' dir='ltr'><strong>pias</strong></span> <span class='ocrx_word' id='word_1_133' title='bbox 616 2419 659 2491; x_wconf 93' lang='lat' dir='ltr'><strong>ad</strong></span> <span class='ocrx_word' id='word_1_134' title='bbox 675 2421 781 2493; x_wconf 87' lang='lat' dir='ltr'><strong>Deum</strong></span> <span class='ocrx_word' id='word_1_135' title='bbox 807 2437 925 2512; x_wconf 84' lang='lat' dir='ltr'><strong>preces</strong></span> <span class='ocrx_word' id='word_1_136' title='bbox 942 2419 1128 2503; x_wconf 86' lang='lat' dir='ltr'><strong>etiuderini,</strong></span> <span class='ocrx_word' id='word_1_137' title='bbox 1147 2421 1292 2494; x_wconf 91' lang='lat' dir='ltr'><strong>clemen·</strong></span> 
     </span>
    </p>
   </div>
   <div class='ocr_carea' id='block_1_8' title="bbox 58 2532 1293 2628">
    <p class='ocr_par' dir='ltr' id='par_1_8' title="bbox 58 2532 1293 2628">
     <span class='ocr_line' id='line_1_19' title="bbox 58 2532 1293 2628; baseline 0 -24"><span class='ocrx_word' id='word_1_138' title='bbox 58 2539 101 2604; x_wconf 89' lang='lat' dir='ltr'><strong>ter</strong></span> <span class='ocrx_word' id='word_1_139' title='bbox 124 2541 177 2606; x_wconf 77' lang='lat' dir='ltr'><strong>est</strong></span> <span class='ocrx_word' id='word_1_140' title='bbox 202 2533 410 2626; x_wconf 86' lang='lat' dir='ltr'><strong>impertitus;</strong></span> <span class='ocrx_word' id='word_1_141' title='bbox 436 2533 519 2605; x_wconf 87' lang='lat' dir='ltr'><strong>iacta</strong></span> <span class='ocrx_word' id='word_1_142' title='bbox 540 2552 677 2628; x_wconf 93' lang='lat' dir='ltr'><strong>quoque</strong></span> <span class='ocrx_word' id='word_1_143' title='bbox 694 2539 856 2626; x_wconf 87' lang='lat' dir='ltr'><strong>potestate</strong></span> <span class='ocrx_word' id='word_1_144' title='bbox 882 2537 950 2604; x_wconf 91' lang='lat' dir='ltr'><strong>tam</strong></span> <span class='ocrx_word' id='word_1_145' title='bbox 975 2532 1171 2617; x_wconf 86' lang='lat' dir='ltr'><strong>Plenariam,</strong></span> <span class='ocrx_word' id='word_1_146' title='bbox 1190 2551 1293 2623; x_wconf 89' lang='lat' dir='ltr'><strong>quarn</strong></span> 
     </span>
    </p>
   </div>
   <div class='ocr_carea' id='block_1_9' title="bbox 1 2643 1291 2738">
    <p class='ocr_par' dir='ltr' id='par_1_9' title="bbox 1 2643 1291 2738">
     <span class='ocr_line' id='line_1_20' title="bbox 1 2643 1291 2738; baseline 0 -22"><span class='ocrx_word' id='word_1_147' title='bbox 1 2663 2 2666; x_wconf 59' lang='lat'>‘</span> <span class='ocrx_word' id='word_1_148' title='bbox 56 2645 223 2719; x_wconf 90' lang='lat' dir='ltr'><strong>Partialem</strong></span> <span class='ocrx_word' id='word_1_149' title='bbox 250 2645 493 2738; x_wconf 80' lang='lat' dir='ltr'><strong>Indulgendum</strong></span> <span class='ocrx_word' id='word_1_150' title='bbox 510 2643 686 2718; x_wconf 88' lang='lat' dir='ltr'><strong>animabus</strong></span> <span class='ocrx_word' id='word_1_151' title='bbox 701 2645 736 2717; x_wconf 91' lang='lat' dir='ltr'><strong>in</strong></span> <span class='ocrx_word' id='word_1_152' title='bbox 753 2645 944 2738; x_wconf 88' lang='lat' dir='ltr'><strong>purgatorio</strong></span> <span class='ocrx_word' id='word_1_153' title='bbox 962 2643 1105 2718; x_wconf 89' lang='lat' dir='ltr'><strong>detentis</strong></span> <span class='ocrx_word' id='word_1_154' title='bbox 1123 2644 1291 2738; x_wconf 91' lang='lat' dir='ltr'><strong>applican-</strong></span> 
     </span>
    </p>
   </div>
   <div class='ocr_carea' id='block_1_10' title="bbox 56 2756 1295 2962">
    <p class='ocr_par' dir='ltr' id='par_1_10' title="bbox 56 2756 1295 2962">
     <span class='ocr_line' id='line_1_21' title="bbox 57 2756 1293 2852; baseline 0.001 -23"><span class='ocrx_word' id='word_1_155' title='bbox 57 2756 95 2830; x_wconf 88' lang='lat' dir='ltr'><strong>di.</strong></span> <span class='ocrx_word' id='word_1_156' title='bbox 120 2759 295 2831; x_wconf 84' lang='lat' dir='ltr'><strong>Praesenti</strong></span> <span class='ocrx_word' id='word_1_157' title='bbox 319 2759 353 2830; x_wconf 89' lang='lat' dir='ltr'><strong>in</strong></span> <span class='ocrx_word' id='word_1_158' title='bbox 379 2765 579 2852; x_wconf 91' lang='lat' dir='ltr'><strong>perpetuum</strong></span> <span class='ocrx_word' id='word_1_159' title='bbox 605 2757 746 2830; x_wconf 86' lang='lat' dir='ltr'><strong>valituro</strong></span> <span class='ocrx_word' id='word_1_160' title='bbox 771 2756 900 2848; x_wconf 85' lang='lat' dir='ltr'><strong>absque</strong></span> <span class='ocrx_word' id='word_1_161' title='bbox 923 2757 990 2830; x_wconf 92' lang='lat' dir='ltr'><strong>ulla</strong></span> <span class='ocrx_word' id='word_1_162' title='bbox 1015 2758 1129 2831; x_wconf 87' lang='lat' dir='ltr'><strong>Brevis</strong></span> <span class='ocrx_word' id='word_1_163' title='bbox 1155 2757 1293 2851; x_wconf 81' lang='lat' dir='ltr'><strong>expedi·</strong></span> 
     </span>
     <span class='ocr_line' id='line_1_22' title="bbox 56 2867 1295 2962; baseline 0.002 -22"><span class='ocrx_word' id='word_1_164' title='bbox 56 2869 148 2944; x_wconf 93' lang='lat' dir='ltr'><strong>lione.</strong></span> <span class='ocrx_word' id='word_1_165' title='bbox 167 2873 293 2943; x_wconf 89' lang='lat' dir='ltr'><strong>Datum</strong></span> <span class='ocrx_word' id='word_1_166' title='bbox 309 2871 435 2942; x_wconf 88' lang='lat' dir='ltr'><strong>llomae</strong></span> <span class='ocrx_word' id='word_1_167' title='bbox 460 2887 502 2942; x_wconf 83' lang='lat' dir='ltr'><strong>en</strong></span> <span class='ocrx_word' id='word_1_168' title='bbox 529 2869 712 2943; x_wconf 85' lang='lat' dir='ltr'><strong>secretaria</strong></span> <span class='ocrx_word' id='word_1_169' title='bbox 729 2870 802 2942; x_wconf 88' lang='lat' dir='ltr'><strong>Sao.</strong></span> <span class='ocrx_word' id='word_1_170' title='bbox 821 2867 1093 2960; x_wconf 82' lang='lat' dir='ltr'><strong>congregationis</strong></span> <span class='ocrx_word' id='word_1_171' title='bbox 1117 2867 1295 2962; x_wconf 89' lang='lat' dir='ltr'><strong>lmdnlgen-</strong></span> 
     </span>
    </p>
   </div>
   <div class='ocr_carea' id='block_1_11' title="bbox 56 2981 1243 3174">
    <p class='ocr_par' dir='ltr' id='par_1_11' title="bbox 56 2981 1243 3174">
     <span class='ocr_line' id='line_1_23' title="bbox 56 2981 605 3074; baseline 0 -20"><span class='ocrx_word' id='word_1_172' title='bbox 56 2981 171 3058; x_wconf 86' lang='lat' dir='ltr'><strong>larum</strong></span> <span class='ocrx_word' id='word_1_173' title='bbox 198 2983 255 3056; x_wconf 88' lang='lat' dir='ltr'><strong>die</strong></span> <span class='ocrx_word' id='word_1_174' title='bbox 281 2985 303 3054; x_wconf 81' lang='lat'><strong>8</strong></span> <span class='ocrx_word' id='word_1_175' title='bbox 330 2982 472 3074; x_wconf 83' lang='lat' dir='ltr'><strong>Augusti</strong></span> <span class='ocrx_word' id='word_1_176' title='bbox 500 2985 605 3055; x_wconf 81' lang='lat' dir='ltr'><strong>leco.</strong></span> 
     </span>
     <span class='ocr_line' id='line_1_24' title="bbox 730 3089 1243 3174; baseline 0 -9"><span class='ocrx_word' id='word_1_177' title='bbox 730 3093 766 3165; x_wconf 70' lang='lat' dir='ltr'><strong>ll.</strong></span> <span class='ocrx_word' id='word_1_178' title='bbox 793 3091 898 3166; x_wconf 79' lang='lat' dir='ltr'><strong>Ceno.</strong></span> <span class='ocrx_word' id='word_1_179' title='bbox 923 3089 1097 3174; x_wconf 79' lang='lat' dir='ltr'><strong>dsomnros</strong></span> <span class='ocrx_word' id='word_1_180' title='bbox 1122 3093 1243 3165; x_wconf 83' lang='lat' dir='ltr'><strong>Pnanr.</strong></span> 
     </span>
    </p>
   </div>
   <div class='ocr_carea' id='block_1_12' title="bbox 786 3203 1168 3277">
    <p class='ocr_par' dir='ltr' id='par_1_12' title="bbox 786 3203 1168 3277">
     <span class='ocr_line' id='line_1_25' title="bbox 786 3203 1168 3277; baseline -0.005 0"><span class='ocrx_word' id='word_1_181' title='bbox 786 3205 827 3276; x_wconf 76' lang='lat' dir='ltr'><strong>A.</strong></span> <span class='ocrx_word' id='word_1_182' title='bbox 856 3203 1017 3277; x_wconf 86' lang='lat' dir='ltr'><strong>Colomdo</strong></span> <span class='ocrx_word' id='word_1_183' title='bbox 1045 3203 1168 3277; x_wconf 80' lang='lat' dir='ltr'><strong>secret.</strong></span> 
     </span>
    </p>
   </div>
   <div class='ocr_carea' id='block_1_13' title="bbox 536 3402 812 3603">
    <p class='ocr_par' dir='ltr' id='par_1_13' title="bbox 536 3402 812 3603">
     <span class='ocr_line' id='line_1_26' title="bbox 573 3402 781 3478; baseline -0.01 0"><span class='ocrx_word' id='word_1_184' title='bbox 573 3402 781 3478; x_wconf 76' lang='lat' dir='ltr'><strong>dcxxxvi.</strong></span> 
     </span>
     <span class='ocr_line' id='line_1_27' title="bbox 536 3545 812 3603; baseline -0.007 -2"><span class='ocrx_word' id='word_1_185' title='bbox 536 3549 628 3603; x_wconf 86' lang='lat' dir='ltr'><strong>nnevs</strong></span> <span class='ocrx_word' id='word_1_186' title='bbox 653 3547 695 3600; x_wconf 87' lang='lat' dir='ltr'><strong>mr</strong></span> <span class='ocrx_word' id='word_1_187' title='bbox 719 3545 812 3600; x_wconf 79' lang='lat' dir='ltr'><strong>onum</strong></span> 
     </span>
    </p>
   </div>
   <div class='ocr_carea' id='block_1_14' title="bbox 55 3647 1298 3972">
    <p class='ocr_par' dir='ltr' id='par_1_14' title="bbox 55 3647 1298 3972">
     <span class='ocr_line' id='line_1_28' title="bbox 123 3647 1297 3748; baseline -0.005 -19"><span class='ocrx_word' id='word_1_188' title='bbox 123 3655 180 3730; x_wconf 79' lang='lat' dir='ltr'><strong>Ad</strong></span> <span class='ocrx_word' id='word_1_189' title='bbox 205 3653 409 3728; x_wconf 90' lang='lat' dir='ltr'><strong>humillimas</strong></span> <span class='ocrx_word' id='word_1_190' title='bbox 434 3672 552 3748; x_wconf 90' lang='lat' dir='ltr'><strong>preces</strong></span> <span class='ocrx_word' id='word_1_191' title='bbox 577 3655 614 3728; x_wconf 83' lang='lat' dir='ltr'><strong>F.</strong></span> <span class='ocrx_word' id='word_1_192' title='bbox 639 3654 775 3728; x_wconf 85' lang='lat' dir='ltr'><strong>loannis</strong></span> <span class='ocrx_word' id='word_1_193' title='bbox 793 3653 940 3726; x_wconf 88' lang='lat' dir='ltr'><strong>Thomae</strong></span> <span class='ocrx_word' id='word_1_194' title='bbox 957 3649 1105 3726; x_wconf 84' lang='lat' dir='ltr'><strong>Ghilardi</strong></span> <span class='ocrx_word' id='word_1_195' title='bbox 1131 3669 1175 3726; x_wconf 84' lang='lat' dir='ltr'><strong>ex</strong></span> <span class='ocrx_word' id='word_1_196' title='bbox 1200 3647 1297 3724; x_wconf 91' lang='lat' dir='ltr'><strong>Ordi-</strong></span> 
     </span>
     <span class='ocr_line' id='line_1_29' title="bbox 55 3763 1297 3861; baseline -0.005 -19"><span class='ocrx_word' id='word_1_197' title='bbox 55 3787 94 3842; x_wconf 89' lang='lat' dir='ltr'><strong>ne</strong></span> <span class='ocrx_word' id='word_1_198' title='bbox 117 3766 392 3842; x_wconf 86' lang='lat' dir='ltr'><strong>Praedicatorum</strong></span> <span class='ocrx_word' id='word_1_199' title='bbox 425 3767 581 3861; x_wconf 83' lang='lat' dir='ltr'><strong>Eplsoopi</strong></span> <span class='ocrx_word' id='word_1_200' title='bbox 613 3767 734 3842; x_wconf 86' lang='lat' dir='ltr'><strong>llontis</strong></span> <span class='ocrx_word' id='word_1_201' title='bbox 764 3765 837 3839; x_wconf 90' lang='lat' dir='ltr'><strong>Vici</strong></span> <span class='ocrx_word' id='word_1_202' title='bbox 869 3765 1107 3839; x_wconf 84' lang='lat' dir='ltr'><strong>sanctissimus</strong></span> <span class='ocrx_word' id='word_1_203' title='bbox 1132 3763 1297 3837; x_wconf 85' lang='lat' dir='ltr'><strong>Dominus</strong></span> 
     </span>
     <span class='ocr_line' id='line_1_30' title="bbox 55 3875 1298 3972; baseline -0.002 -18"><span class='ocrx_word' id='word_1_204' title='bbox 55 3881 172 3956; x_wconf 85' lang='lat' dir='ltr'><strong>Noster</strong></span> <span class='ocrx_word' id='word_1_205' title='bbox 197 3881 278 3954; x_wconf 82' lang='lat' dir='ltr'><strong>Pius</strong></span> <span class='ocrx_word' id='word_1_206' title='bbox 303 3880 365 3953; x_wconf 83' lang='lat' dir='ltr'><strong>PP.</strong></span> <span class='ocrx_word' id='word_1_207' title='bbox 391 3881 438 3954; x_wconf 85' lang='lat' dir='ltr'><strong>lx</strong></span> <span class='ocrx_word' id='word_1_208' title='bbox 463 3881 607 3972; x_wconf 83' lang='lat' dir='ltr'><strong>henigne</strong></span> <span class='ocrx_word' id='word_1_209' title='bbox 640 3879 834 3964; x_wconf 90' lang='lat' dir='ltr'><strong>inclinatus,</strong></span> <span class='ocrx_word' id='word_1_210' title='bbox 869 3878 1051 3953; x_wconf 88' lang='lat' dir='ltr'><strong>clementer</strong></span> <span class='ocrx_word' id='word_1_211' title='bbox 1082 3875 1234 3962; x_wconf 91' lang='lat' dir='ltr'><strong>indulsit,</strong></span> <span class='ocrx_word' id='word_1_212' title='bbox 1260 3881 1298 3951; x_wconf 93' lang='lat' dir='ltr'><strong>nt</strong></span> 
     </span>
    </p>
   </div>
   <div class='ocr_carea' id='block_1_15' title="bbox 56 3991 1299 4429">
    <p class='ocr_par' dir='ltr' id='par_1_15' title="bbox 56 3991 1299 4429">
     <span class='ocr_line' id='line_1_31' title="bbox 56 3991 1298 4088; baseline -0.004 -19"><span class='ocrx_word' id='word_1_213' title='bbox 56 4015 173 4071; x_wconf 89' lang='lat' dir='ltr'><strong>omnes</strong></span> <span class='ocrx_word' id='word_1_214' title='bbox 189 3997 367 4088; x_wconf 89' lang='lat' dir='ltr'><strong>utriusque</strong></span> <span class='ocrx_word' id='word_1_215' title='bbox 383 4013 486 4068; x_wconf 85' lang='lat' dir='ltr'><strong>sexus</strong></span> <span class='ocrx_word' id='word_1_216' title='bbox 503 3993 743 4068; x_wconf 78' lang='lat' dir='ltr'><strong>christifideles</strong></span> <span class='ocrx_word' id='word_1_217' title='bbox 761 3993 880 4067; x_wconf 87' lang='lat' dir='ltr'><strong>lucrari</strong></span> <span class='ocrx_word' id='word_1_218' title='bbox 900 3993 1030 4085; x_wconf 89' lang='lat' dir='ltr'><strong>possint</strong></span> <span class='ocrx_word' id='word_1_219' title='bbox 1052 3991 1298 4083; x_wconf 87' lang='lat' dir='ltr'><strong>indulgentiam</strong></span> 
     </span>
     <span class='ocr_line' id='line_1_32' title="bbox 56 4101 1299 4200; baseline -0.004 -18"><span class='ocrx_word' id='word_1_220' title='bbox 56 4109 152 4184; x_wconf 89' lang='lat' dir='ltr'><strong>nnius</strong></span> <span class='ocrx_word' id='word_1_221' title='bbox 171 4109 252 4182; x_wconf 90' lang='lat' dir='ltr'><strong>anni</strong></span> <span class='ocrx_word' id='word_1_222' title='bbox 268 4107 400 4200; x_wconf 85' lang='lat' dir='ltr'><strong>quoties</strong></span> <span class='ocrx_word' id='word_1_223' title='bbox 416 4107 643 4200; x_wconf 86' lang='lat' dir='ltr'><strong>promoverint</strong></span> <span class='ocrx_word' id='word_1_224' title='bbox 659 4113 794 4180; x_wconf 91' lang='lat' dir='ltr'><strong>cautum</strong></span> <span class='ocrx_word' id='word_1_225' title='bbox 811 4103 1032 4197; x_wconf 90' lang='lat' dir='ltr'><strong>spiritualium</strong></span> <span class='ocrx_word' id='word_1_226' title='bbox 1049 4101 1202 4178; x_wconf 87' lang='lat' dir='ltr'><strong>Landum</strong></span> <span class='ocrx_word' id='word_1_227' title='bbox 1214 4121 1299 4196; x_wconf 92' lang='lat' dir='ltr'><strong>qno-</strong></span> 
     </span>
     <span class='ocr_line' id='line_1_33' title="bbox 57 4215 1298 4314; baseline -0.004 -20"><span class='ocrx_word' id='word_1_228' title='bbox 57 4239 201 4314; x_wconf 91' lang='lat' dir='ltr'><strong>cumque</strong></span> <span class='ocrx_word' id='word_1_229' title='bbox 234 4219 402 4306; x_wconf 90' lang='lat' dir='ltr'><strong>idiomate,</strong></span> <span class='ocrx_word' id='word_1_230' title='bbox 435 4218 620 4294; x_wconf 93' lang='lat' dir='ltr'><strong>dnmmodo</strong></span> <span class='ocrx_word' id='word_1_231' title='bbox 652 4221 761 4295; x_wconf 91' lang='lat' dir='ltr'><strong>verslo</strong></span> <span class='ocrx_word' id='word_1_232' title='bbox 787 4217 830 4291; x_wconf 89' lang='lat' dir='ltr'><strong>sit</strong></span> <span class='ocrx_word' id='word_1_233' title='bbox 854 4215 973 4300; x_wconf 87' lang='lat' dir='ltr'><strong>tidelis,</strong></span> <span class='ocrx_word' id='word_1_234' title='bbox 1000 4221 1034 4291; x_wconf 90' lang='lat' dir='ltr'><strong>et</strong></span> <span class='ocrx_word' id='word_1_235' title='bbox 1059 4237 1078 4290; x_wconf 92' lang='lat' dir='ltr'><strong>a</strong></span> <span class='ocrx_word' id='word_1_236' title='bbox 1102 4215 1298 4311; x_wconf 86' lang='lat' dir='ltr'><strong>respectirls</strong></span> 
     </span>
     <span class='ocr_line' id='line_1_34' title="bbox 58 4329 1298 4429; baseline -0.005 -21"><span class='ocrx_word' id='word_1_237' title='bbox 58 4333 238 4410; x_wconf 83' lang='lat' dir='ltr'><strong>ordinariis</strong></span> <span class='ocrx_word' id='word_1_238' title='bbox 265 4331 457 4429; x_wconf 86' lang='lat' dir='ltr'><strong>approbata,</strong></span> <span class='ocrx_word' id='word_1_239' title='bbox 485 4351 572 4426; x_wconf 88' lang='lat' dir='ltr'><strong>qnae</strong></span> <span class='ocrx_word' id='word_1_240' title='bbox 589 4351 608 4409; x_wconf 94' lang='lat' dir='ltr'><strong>a</strong></span> <span class='ocrx_word' id='word_1_241' title='bbox 625 4333 698 4408; x_wconf 87' lang='lat' dir='ltr'><strong>Sao.</strong></span> <span class='ocrx_word' id='word_1_242' title='bbox 725 4330 991 4426; x_wconf 78' lang='lat' dir='ltr'><strong>congregatione</strong></span> <span class='ocrx_word' id='word_1_243' title='bbox 1015 4329 1152 4409; x_wconf 83' lang='lat' dir='ltr'><strong>lilinum</strong></span> <span class='ocrx_word' id='word_1_244' title='bbox 1168 4329 1298 4408; x_wconf 87' lang='lat' dir='ltr'><strong>revisae</strong></span> 
     </span>
    </p>
   </div>
   <div class='ocr_carea' id='block_1_16' title="bbox 0 0 1538 4922">
    <p class='ocr_par' dir='ltr' id='par_1_16' title="bbox 0 0 1538 4922">
     <span class='ocr_line' id='line_1_35' title="bbox 0 0 1538 4922; baseline 0 3"><span class='ocrx_word' id='word_1_245' title='bbox 0 0 1538 4922; x_wconf 95' lang='lat' dir='ltr'><strong> </strong></span> 
     </span>
    </p>
   </div>
  </div>
 </body>
</html>
