3164 4926
776 354 993 426 -toe-

272 499 378 582 tuum,
404 493 458 571 rei
481 491 526 568 ed
549 497 682 586 tempos
707 491 858 567 nondum
882 491 1034 584 elapsum
1049 492 1147 570 simili
1164 493 1335 589 prirlleplo
1351 495 1497 574 decorati

271 605 402 700 (muris
426 611 540 684 nmen
564 604 813 684 remanentibus
837 603 1035 700 privilegiis,
1063 610 1101 681 ut
1133 606 1307 694 asseritur,
1340 616 1437 684 numa
1460 611 1497 688 iu

270 724 473 816 perpetuum
498 717 667 795 concessis
691 718 727 790 iu
749 716 907 794 iicclosbs
932 717 1010 792 Fir.
1036 717 1308 812 congregationis
1334 723 1497 815 ejusmodi

272 833 309 908 Β.
334 831 422 912 Petri
447 828 490 906 do
515 827 600 906 Pisis
625 827 749 906 sciton
773 827 808 900 S.
834 826 996 920 onuphrii
1022 826 1065 904 de
1090 828 1188 916 Urbe,
1218 831 1254 906 B.
1280 832 1323 906 li
1352 832 1497 926 ngims

272 943 459 1023 Gratiarum
475 945 655 1033 nuncupat.
673 939 820 1016 Cirimtis
844 939 1087 1032 Neapolitanae,
1113 958 1153 1016 ac
1177 942 1211 1016 S.
1237 943 1423 1020 Sabmiani
1448 946 1498 1022 ci·

271 1055 381 1135 sitatis
406 1053 647 1142 venetiarum)
671 1052 817 1144 benigue
841 1052 1015 1136 noncessit,
1042 1058 1142 1145 atque
1166 1053 1314 1142 indulsit,
1331 1065 1368 1132 nt
1384 1058 1499 1132 Sacro

271 1173 425 1248 sanetum
449 1167 570 1244 Nissac
594 1165 812 1250 Sacrificium.
838 1164 976 1256 quoda
1000 1169 1498 1258 quocumquesaaerdnmsm-

272 1281 386 1368 661611,
411 1280 465 1356 rel
489 1279 638 1372 cujusne
663 1277 808 1364 Ordinis,
821 1276 1094 1370 congregationis
1110 1284 1144 1356 at
1159 1280 1301 1356 losbtnti
1317 1281 1498 1375 linguinis,

271 1395 317 1474 ad
340 1411 447 1472 unuln
471 1391 583 1470 itare
607 1409 669 1484 per
693 1389 885 1466 0rdiuarics
910 1390 1059 1466 locorum
1087 1391 1123 1464 in
1147 1391 1295 1487 quadbet
1319 1411 1362 1470 er
1386 1396 1500 1472 Eccle-

273 1507 334 1586 siis
358 1506 511 1585 Fratrum
536 1502 643 1582 dictae
667 1501 939 1595 dnngrogminnis
963 1507 1032 1580 tam
1057 1505 1186 1590 crectis,
1206 1524 1308 1596 quam
1332 1507 1368 1582 in
1392 1515 1505 1602 poste

272 1639 350 1700 rum
374 1617 559 1712 augendis,
584 1617 620 1692 ia
644 1633 857 1708 quacumque
881 1615 996 1692 Nuudi
1020 1622 1114 1710 parte
1142 1619 1363 1696 existentibus
1387 1622 1501 1711 sitnm,
1545 1685 1550 1696 .

273 1733 379 1810 semel
402 1737 531 1807 mutum
556 1729 741 1822 respectiva
765 1727 1009 1821 designandum
1029 1747 1090 1822 pro
1115 1728 1233 1804 Anima
1259 1735 1502 1828 cujuscumque

274 1841 517 1927 Gbristiddeiis,
543 1859 630 1932 quae
654 1841 725 1916 iiac
750 1841 786 1914 in
810 1841 969 1916 charitate
994 1842 1189 1934 conjunctae
1205 1843 1247 1918 ab
1267 1843 1331 1918 bac
1345 1847 1422 1924 iure
1444 1849 1503 1922 mi·

272 1956 418 2052 pararit
441 1953 679 2036 celebrabitur,
706 1953 815 2030 anima
841 1953 914 2047 ipsa
931 1953 974 2028 de
991 1954 1147 2028 thesauro
1165 1956 1333 2031 Ecclesiae
1349 1977 1411 2052 par
1430 1981 1502 2036 mo·

274 2069 357 2146 dum
381 2065 535 2158 semaei
559 2063 802 2157 indulgentiam
828 2072 1069 2157 consequatur3
1095 2067 1139 2142 ita
1166 2073 1204 2142 ut
1235 2069 1367 2146 Domini
1391 2073 1502 2147 Nostri

274 2182 355 2258 iesu
367 2177 489 2254 Christi
501 2195 540 2256 ac
550 2177 916 2269 Beatissimaeiiirgiuis
929 2179 1062 2263 Mariae,
1073 2179 1339 2274 sanctorumque
1351 2185 1503 2260 omnium

275 2291 402 2367 maritis
433 2290 498 2366 sibi
529 2289 787 2383 subrepentibus
818 2310 839 2363 a
870 2291 1054 2382 Purgatnrii
1084 2291 1203 2384 poenis
1234 2293 1402 2370 bberetur.
1430 2297 1503 2372 Non

276 2403 485 2484 obstantibus
509 2403 545 2480 in
569 2403 772 2479 contrarium
803 2402 999 2478 iacientibus
1024 2403 1304 2497 quibuscumque.
1333 2409 1502 2484 Praesenti

275 2519 312 2598 in
342 2523 543 2613 perpetuum
570 2515 711 2590 valituro
741 2515 884 2592 decreto.
911 2516 1091 2608 volutum
1122 2518 1284 2591 Sanctitas
1316 2519 1385 2595 Sua
1417 2523 1503 2597 bauo

276 2631 528 2707 concessionem
552 2626 725 2719 suffragari
751 2626 880 2722 absque
906 2627 970 2700 ulla
995 2628 1108 2700 Brevis
1133 2629 1374 2723 expedictione.

349 2744 469 2818 batum
492 2741 619 2815 Romae
642 2738 697 2812 die
724 2743 770 2810 l0
795 2739 872 2813 Nail
896 2755 985 2810 auno
1013 2743 1118 2812 lies.

745 2851 803 2925 Nn.
829 2852 857 2923 J.
884 2849 986 2925 Canu.
1017 2853 1281 2930 Ponroomuuno
1305 2858 1431 2933 Putas.

640 2965 680 3037 Α.
697 2965 736 3038 ll.
761 2965 943 3040 i'iocccnrcs
961 2967 1037 3042 Soc.
1058 2967 1161 3062 Conp.
1179 2968 1358 3066 indolpcn.
1377 2973 1501 3050 Serrei.

821 3161 949 3240 CCXX.

349 3303 403 3382 Ad
426 3301 628 3379 humillimas
644 3319 762 3396 preces
778 3301 817 3378 b.
838 3303 1006 3377 Benedicti
1023 3302 1065 3377 de
1081 3303 1239 3378 Gammae
1255 3305 1394 3383 Abbatls
1410 3310 1505 3388 Wer·

277 3418 426 3496 dioensis
452 3424 486 3492 ei
500 3416 773 3490 llalmscaniansis
791 3417 954 3491 Praesidis
975 3417 1245 3510 congregationis
1262 3421 1505 3498 Bursleldeusis

276 3531 411 3608 Ordinis
436 3529 471 3604 S.
496 3527 665 3604 Benedicti
689 3529 724 3602 in
740 3531 917 3602 Germania
931 3529 1070 3602 existen.
1089 3531 1324 3609 Sanctissimae
1341 3534 1504 3612 Dominus

275 3647 396 3722 Noster
419 3640 618 3716 Benedictus
642 3643 799 3717 PP.X1V
824 3642 939 3715 rolens
965 3659 1083 3716 omnes
1107 3646 1141 3718 ei
1164 3643 1313 3736 singulas
1337 3648 1503 3723 lleclasias

276 3755 552 3836 monasteriorum
569 3755 806 3832 Nonachorum
823 3753 1093 3850 Congreparionis
1110 3754 1352 3831 bursfeldensis
1369 3761 1503 3834 Ordinis

277 3871 312 3944 S.
338 3865 506 3943 Benedicti
531 3867 565 3939 in
591 3865 767 3940 Germania
793 3865 1024 3949 existentium,
1049 3866 1083 3938 iu
1110 3866 1233 3959 quibus
1259 3871 1349 3944 abud
1372 3872 1501 3960 ditare,

277 3984 331 4058 rel
355 3981 390 4056 iu
414 3987 624 4076 perpetuum,
650 3977 704 4049 vel
729 3975 771 4050 ad
796 3983 929 4070 tempus
953 3977 1104 4052 nondum
1129 3980 1281 4072 elapsum
1306 3983 1404 4056 simili
1433 3987 1502 4080 pri-

277 4094 397 4190 riepb
422 4093 614 4170 decoratum
637 4090 749 4162 lorsau
773 4089 947 4182 repentae,
963 4090 1056 4184 quod
1070 4109 1131 4186 par
1146 4111 1307 4186 praesens
1323 4095 1502 4172 Decretum

278 4207 455 4294 revocarit,
480 4211 514 4278 et
538 4204 573 4276 iu
598 4201 745 4297 prabet
770 4221 813 4276 er
838 4201 934 4277 dictis
958 4203 1114 4278 licclesiis
1138 4204 1250 4280 Altam
1281 4208 1346 4283 sub
1371 4210 1504 4284 iuvoca-

279 4317 368 4402 Noua
392 4317 427 4392 S.
457 4313 623 4392 llouedcti
655 4319 803 4395 erectum
831 4313 904 4394 sire
935 4314 1131 4408 erigendum
1163 4317 1228 4394 boc
1251 4319 1387 4416 speciali
1410 4321 1505 4398 dono
