3182 4922
724 339 942 404 -tet-

211 475 406 571 respectinis
423 478 610 550 laenitatem
628 476 662 548 tn
678 493 759 548 casu
770 455 973 548 infirmitatis
985 473 1212 548 commutandi
1228 475 1451 552 visitationem

210 589 378 663 Ecclesiae
402 607 464 682 pro
488 585 706 679 indulgentiis
732 585 957 678 adipiscendia
983 586 1019 657 iu
1044 585 1116 658 atila
1145 587 1305 678 operibns
1333 605 1452 662 eorum

211 702 347 775 arbitrio
371 700 603 793 suggerendis,
622 697 770 790 itemque
795 697 948 791 permisit
964 705 1001 770 nt
1020 697 1245 789 indulgentias
1265 701 1453 776 Stationem

212 813 323 899 Utilia,
350 813 470 888 mebue
495 814 531 886 iu
555 813 680 886 itiissaii
704 813 856 886 iiomaua
881 810 1056 904 descriptla
1072 811 1193 884 lucrari
1217 813 1359 898 eneam,
1377 831 1454 888 eoe-

210 925 290 1002 teris
315 919 502 1020 adimpletis
528 925 787 1010 conditionibus,
811 925 976 999 visitando
999 925 1035 997 in
1057 931 1173 998 earnm
1197 926 1356 1000 Ecclesia
1372 929 1456 1002 San·

209 1035 396 1114 ctissimum
421 1037 648 1114 Eucharistiae
664 1039 935 1128 Sacramentum
953 1045 987 1112 et
1002 1037 1143 1111 undem
1157 1037 1276 1112 eadem
1289 1041 1456 1116 Sauetitm

210 1154 279 1226 Sne
304 1168 423 1226 omues
448 1151 612 1246 praelatas
637 1151 862 1243 indulgentias
888 1157 921 1225 at
945 1151 1120 1242 Prieiiegia
1144 1151 1226 1224 alias
1250 1151 1456 1248 autumpno

209 1266 375 1359 impertita
404 1282 474 1338 non
507 1264 608 1337 moue
648 1265 824 1338 animabus
857 1264 892 1336 iu
922 1263 1119 1355 purgatorio
1146 1264 1369 1338 annuntians
1396 1286 1456 1360 ap

208 1373 389 1470 plicabiies,
408 1390 527 1450 aarum
544 1377 643 1450 etiam
658 1376 829 1469 perpetuis
846 1375 966 1449 lutona
984 1374 1192 1468 temporibus
1217 1377 1358 1450 valitura
1377 1395 1457 1452 asse

208 1489 312 1564 noluit
328 1490 457 1581 absque
470 1489 537 1562 niia
553 1489 666 1564 oreris
683 1487 907 1582 expeditione.
926 1489 1047 1561 uatum
1064 1487 1191 1560 Romae
1207 1506 1252 1562 ex
1268 1489 1457 1564 Saeremrm

211 1601 285 1675 See.
312 1601 433 1694 congr.
460 1591 744 1694 indulgentiarum
769 1601 824 1675 die
851 1607 871 1672 i
897 1600 974 1674 itali
1002 1603 1107 1672 leil.

886 1713 921 1786 F.
949 1708 1053 1785 cim.
1078 1710 1253 1796 Mennim
1278 1714 1404 1788 emar.

985 1825 1015 1896 l.
1044 1825 1145 1898 Galla
1172 1825 1295 1900 maret.

753 2021 895 2096 exciti.

729 2200 933 2260 einenlcmt.

280 2387 560 2483 archiepiscopus
589 2388 851 2462 Cameracensis
880 2380 1015 2478 quaerat
1048 2383 1222 2460 lumiliter
1250 2386 1459 2464 mintionem

208 2501 391 2576 dubiorum
415 2502 638 2594 sequentium.

284 2613 332 2686 i.⁰
362 2615 481 2686 Utrum
506 2605 743 2688 nemetae
771 2606 1007 2684 sodalitatem
1032 2611 1073 2681 B,
1101 2611 1147 2684 tl.
1173 2609 1207 2682 V.
1226 2609 1268 2684 de
1293 2611 1456 2698 Rotaria,

211 2731 243 2799 et
260 2725 302 2799 de
319 2725 434 2800 Mente
453 2725 624 2807 Carmeia,
642 2726 783 2797 ualeant
800 2721 994 2797 benedicere
1010 2719 1172 2803 iterante,
1190 2727 1223 2796 et
1240 2725 1457 2817 scapularia

164 2891 174 2906 .
208 2857 286 2911 eum
300 2837 530 2930 applicatione
543 2837 843 2930 indulgentiarum
858 2839 1085 2918 assuetarum,
1103 2851 1142 2906 eo
1159 2837 1233 2928 ipso
1251 2835 1346 2927 puori
1361 2839 1456 2930 ipsos

209 2949 316 3022 dictes
341 2947 575 3023 Moderatores
601 2943 845 3022 instituerimus
870 2948 907 3018 in
933 2944 1094 3038 erigentia
1116 2947 1376 3038 praelaudatae
1394 2951 1455 3022 So

208 3061 369 3134 ualitates
394 3075 470 3133 aum
497 3058 637 3134 assueto
669 3058 893 3150 indulgentiis
918 3062 980 3130 ete.
1007 3059 1199 3149 apostolica
1224 3060 1452 3151 Delepelione

208 3173 304 3247 uobis
329 3193 497 3256 concanae,
517 3175 578 3246 etsi
595 3175 703 3246 llreee
719 3171 816 3244 nabla
840 3171 1052 3264 impertitum
1077 3189 1146 3242 eae
1171 3171 1378 3244 mentionem
1400 3173 1454 3266 l·

207 3287 277 3359 ciat
294 3283 336 3357 rie
349 3284 485 3358 indaalle
501 3286 668 3378 laenitate
684 3278 971 3364 Moderelariies,
990 3281 1039 3354 oei
1056 3283 1210 3374 ellectum
1227 3282 1452 3358 bemdieearli

210 3397 405 3488 hujusmodi
430 3398 597 3478 linearia,
624 3394 656 3469 el
683 3395 910 3489 scapularia,
937 3399 968 3467 et
994 3397 1111 3466 utrum
1140 3395 1275 3486 pariter
1299 3395 1454 3488 [mattas

209 3516 365 3582 aaaaeaao
387 3509 502 3602 primo
520 3507 735 3583 llodeiotorl
760 3505 916 3582 transeat
941 3506 990 3580 aa
1006 3503 1078 3598 elue
1103 3505 1316 3582 Smoeamret
1332 3510 1372 3583 tn
1390 3509 1453 3584 tea

207 3613 376 3696 manuel
453 3653 456 3666 ,

283 3729 334 3806 2⁰
359 3733 413 3805 Ait
433 3746 501 3828 per
526 3735 757 3828 eueeptloaona
781 3725 922 3826 regulae
948 3733 1118 3826 pereuntia
1141 3733 1372 3808 communiter
1392 3733 1452 3809 ati·

207 3847 348 3919 misaam
373 3845 489 3939 reipsa
512 3846 591 3938 piae
619 3844 828 3918 sodalitates
855 3837 1066 3918 lautissimi
1083 3845 1311 3926 Sumameutt
1335 3851 1369 3920 et
1386 3849 1451 3920 lla·

209 3957 341 4032 elituoe
369 3949 585 4032 Girriatiaeoe
602 3959 639 4031 tu
656 3959 811 4032 omeliae
828 3960 965 4031 omuino
992 3958 1150 4031 amunia
1173 3956 1449 4041 Paroaituliiut,

209 4081 288 4144 erim
313 4065 546 4164 applicatione
563 4069 862 4165 indulgentiarum
883 4072 1068 4153 instituere,
1086 4083 1145 4144 aea
1170 4073 1301 4164 mpero
1328 4075 1450 4160 liceat,⁴

209 4183 260 4256 ila
285 4189 324 4256 ut
349 4198 419 4256 noe
444 4185 644 4275 requiratur
660 4186 761 4259 uulua
779 4186 894 4260 leucae
912 4183 1098 4259 distantiae
1113 4185 1203 4259 later
1228 4179 1448 4278 amenego
1581 4243 1582 4257 ,

209 4289 306 4378 modi
331 4289 569 4368 sodalitates?
