3214 4928
781 333 973 400 ...70-

841 527 921 600 Clll.

793 672 970 726 paruulus.

266 851 269 858 .
333 809 388 884 Ad
411 811 615 884 humilimas
640 827 760 903 preces
784 809 957 883 Leonorae
982 808 1114 883 Badoer
1139 808 1347 894 abbatissae,
1375 827 1414 881 ac
1429 809 1503 885 llo-

260 923 398 998 nlaliurn
423 924 616 1000 llonaslerii
640 930 673 995 et
698 921 833 995 Ordinis
860 923 894 994 S.
928 915 1096 995 Benedicti
1128 921 1275 995 Civitatis
1305 922 1505 1007 Patavinae,

261 1037 418 1130 Episcopi
444 1042 556 1108 umen
579 1033 800 1128 jurisdictioni
826 1035 1064 1126 subjectarum,
1083 1035 1322 1108 sanctissimus
1338 1034 1506 1108 Dominus

260 1151 381 1224 Noster
410 1147 611 1222 Benedictus
635 1150 697 1220 ΡΡ.
716 1139 792 1220 xlv
810 1147 1024 1240 Prlrileglunr
1052 1147 1284 1238 quotidianum
1301 1155 1508 1240 perpetuum

261 1279 324 1356 pro
350 1262 461 1333 aalma
494 1263 738 1353 cujuscumque
771 1259 1023 1344 Christisrdelis‚
1058 1279 1146 1352 quae
1177 1261 1246 1335 Deo
1277 1261 1313 1332 iu
1345 1261 1510 1335 charitate

263 1375 440 1466 conjuncta
473 1373 609 1449 abhas
641 1374 716 1445 luce
748 1373 959 1464 migraverit,
991 1361 1191 1446 conoessum
1222 1371 1326 1445 altari
1351 1373 1510 1465 ejusdem

268 1489 304 1560 S.
330 1486 519 1570 Benedicti,
547 1505 585 1557 ac
610 1487 767 1558 omnihus
793 1485 961 1558 altaribus
987 1485 1022 1556 in
1054 1485 1147 1557 obitu
1191 1485 1244 1556 vel
1270 1484 1332 1556 alio
1365 1485 1419 1558 dio
1443 1505 1511 1579 pro

264 1599 405 1692 singulis
431 1598 606 1690 Religiosis
637 1597 878 1671 decedentibus
911 1616 929 1668 a
963 1596 1016 1670 lel.
1047 1615 1115 1669 rec.
1150 1596 1321 1670 Clemente
1353 1599 1414 1670 llll
1439 1599 1509 1672 sub

265 1709 320 1786 dio
347 1717 369 1782 o
394 1707 501 1785 Martii
530 1711 624 1782 list
650 1709 686 1782 in
707 1709 864 1782 omnibus
882 1710 1041 1782 Ecclesiis
1057 1709 1297 1784 ilonaoirorrirn
1315 1710 1507 1802 (longiaga-

265 1824 366 1899 llouis
392 1821 613 1908 Cassinensis,
640 1815 674 1896 et
698 1821 890 1896 Mouiallum
917 1822 981 1894 suh
1008 1839 1126 1894 eorum
1152 1823 1327 1913 gubernio,
1354 1841 1444 1908 cura,
1472 1831 1509 1897 et

264 1935 494 2031 jurisdictione
520 1937 752 2020 existentium.
779 1935 845 2007 sula
871 1931 925 2006 die
956 1939 998 2004 lli
1025 1933 1101 2006 lulli
1130 1939 1219 2005 llll
1251 1935 1354 2007 rlltar'i
1381 1936 1415 2008 S.
1446 1937 1509 2010 Ba·

267 2049 401 2133 nedicti,
428 2056 462 2123 et
486 2049 643 2122 omnihus
669 2047 855 2140 respective
880 2047 1049 2119 alaricus
1076 2047 1243 2120 Ecclesiae
1271 2047 1409 2140 praelati
1437 2050 1509 2123 llo·

268 2162 406 2240 uasterli
430 2163 464 2235 S.
491 2161 659 2236 Benedicti
685 2161 832 2252 benigne
858 2158 1128 2232 communicarit.

892 2273 928 2343 l..
956 2271 1059 2343 Clau.
1087 2271 1184 2344 Picus
1210 2271 1333 2345 Poena

757 2385 797 2457 A.
824 2387 871 2460 M.
897 2385 993 2458 Erae
1019 2387 1113 2456 Prot.
1141 2385 1355 2478 apostolicas
1382 2388 1508 2462 Serrei.

843 2581 924 2655 CIV.

466 2729 645 2784 uoulltloll
673 2727 898 2782 olanlssrlauu
925 2727 1054 2781 ORDlNlS
1080 2729 1107 2781 S.
1136 2727 1314 2782 rnanclsol.

342 2839 516 2933 Proposito
546 2837 673 2921 dubio,
711 2855 796 2908 «aa
829 2835 1001 2908 Ecclesiae
1035 2835 1242 2908 Moaiclium
1278 2837 1512 2912 Clarissorcra

272 2959 305 3030 S.
332 2951 508 3027 Ercaciso‘i
540 2951 752 3024 dedolantis
791 2947 968 3040 amarant
1006 2947 1227 3040 indulcanda
1264 2947 1512 3025 Portioacalac

269 3069 489 3161 domenatur
507 3063 601 3137 diei
627 3064 750 3134 maasia
775 3061 920 3152 Aooastl
947 3079 1016 3152 pro
1043 3061 1198 3133 octatius
1230 3059 1512 3155 christifidelibus

276 3185 314 3256 oo
327 3185 332 3192 '
345 3175 448 3253 modo
475 3191 541 3270 quo
568 3175 721 3268 quadrat
752 3174 923 3246 Ecclesiae
956 3171 1122 3245 Fratrum
1153 3173 1328 3248 Minorem
1359 3175 1513 3252 auioersi

273 3291 421 3386 eosdem
453 3289 592 3364 Ordinis
623 3286 884 3360 coronarer
913 3315 925 3347 ι

323 3407 421 3477 Sao.-
443 3402 662 3494 congregatio
688 3398 905 3490 indulgentiis
931 3399 1109 3489 sacrisque
1135 3397 1295 3489 Reliquiis
1320 3402 1513 3494 praeposita

272 3519 385 3593 audito
411 3517 510 3589 etlam
537 3518 614 3586 toto
632 3515 668 3584 P.
686 3511 911 3585 procuratoris
938 3511 1109 3583 Generalis
1136 3507 1333 3585 eorumden
1358 3512 1514 3590 Fratrum

272 3633 318 3707 de
341 3625 561 3704 (lbserrautia
591 3633 877 3719 nuncupatorum,
909 3625 964 3697 die
1000 3627 1043 3694 le
1071 3623 1278 3716 Septernlrris
1303 3644 1392 3700 anno
1417 3633 1509 3702 llll

274 3744 405 3818 consuit
430 3739 688 3834 supplicandum
714 3755 791 3811 esso
807 3737 1024 3809 Sanctissimo
1041 3753 1102 3828 pro
1120 3734 1342 3812 declaratione
1367 3741 1513 3814 affirrna-

139 3847 142 3852 ’
274 3861 359 3940 tiva,
386 3861 420 3928 et
448 3860 616 3946 quaeriue
641 3871 726 3948 opus
752 3853 812 3936 sit,
839 3869 900 3942 pro
930 3865 1016 3920 nora
1043 3850 1270 3924 concessione.
1308 3852 1358 3926 Be
1387 3856 1515 3946 quihus

276 3969 433 4044 omnibus
466 3967 637 4062 iactarier
662 3982 718 4039 nte
744 3962 990 4054 intrascripturu
1018 3957 1238 4036 Secrelariurn
1270 3963 1325 4038 dle
1355 3971 1400 4038 23
1422 3969 1515 4060 ejus'-

277 4083 356 4156 dem
373 4081 500 4154 arensis
516 4079 732 4153 sanctissimo
750 4076 892 4148 Domino
912 4076 1081 4162 relatione,
1113 4075 1276 4151 Sanctitas
1306 4081 1373 4154 Sua
1397 4088 1518 4160 rotam

278 4195 354 4270 Sao.
369 4191 643 4287 congregationis
668 4187 884 4286 approoanuu
901 4190 1047 4281 lienigne
1064 4191 1190 4263 annuit.

904 4303 939 4374 l..
967 4301 1069 4375 Cano.
1097 4303 1192 4376 Prcus
1218 4303 1339 4377 Pnaaa.

759 4418 798 4488 A.
826 4417 871 4492 M.
899 4417 993 4490 Erta
1019 4417 1112 4490 Prot.
1141 4416 1355 4508 apostolicas
1382 4419 1507 4496 Secrat.
