3182 4922
612 337 829 404 -tsn-

111 471 162 542 nei
187 473 284 562 qnalt
308 472 452 546 secondo
479 474 515 546 la
541 473 690 546 Rrrbriro
717 473 745 545 si
772 472 938 546 clocrnbbe
964 473 1135 545 celebrare
1162 473 1197 544 to
1232 474 1342 548 Messa

112 581 145 652 di
171 583 335 674 ileqniem
348 615 384 657 ι.

181 693 235 766 ,id
259 697 460 783 monadum,
485 705 519 772 el
535 697 668 772 tertium
688 697 889 789 ‹Negatis-o»
910 696 962 771 nd
978 703 1133 789 quartum
1151 716 1232 772 vero
1252 698 1345 798 «Non

109 804 258 897 indigere
274 811 521 902 responsione»
545 813 592 884 ila
610 810 767 894 decrevit,
785 829 824 882 ac
840 811 966 885 serrari
984 811 1153 885 mandavit
1169 811 1242 886 Sao.
1260 810 1346 884 Coo·

108 920 254 1010 gregalia
279 919 335 994 die
362 927 409 993 22
434 923 604 997 Februarii
634 926 740 994 leti.

622 1147 828 1220 bbxxxvt.

649 1389 798 1445 balanan.

187 1590 341 1664 i'ioorins
375 1591 551 1666 Generalis
575 1593 735 1685 bqibooqi
759 1593 954 1668 briocensis·
982 1592 1206 1686 infrascripto
1237 1592 1345 1670 dnbio

104 1703 285 1793 proposuit
309 1701 505 1778 enodando.

185 1811 234 1884 t.⁰
263 1814 384 1886 b'tram
416 1815 466 1888 od
497 1815 745 1907 acquirendam
769 1817 971 1890 Pleaoriam
996 1815 1253 1908 indatqentiom
1279 1831 1345 1909 pro

110 1921 276 2016 desnnelis
303 1925 471 2000 Sacerdos
497 1929 556 2018 qni
580 1945 717 2001 sacram
733 1927 818 2020 tacit
835 1929 871 2000 in
887 1929 1003 2002 littori
1027 1929 1264 2020 Prioileqiato,
1279 1947 1345 2021 pro

109 2037 252 2128 sinqnlis
285 2036 421 2121 diebos,
449 2045 606 2116 torneator
634 2041 849 2136 paramentis
881 2042 974 2132 niqri
1005 2043 1129 2115 coloris
1153 2042 1206 2114 ali
1230 2041 1348 2114 diebm

108 2165 178 2220 non
202 2149 399 2242 irnqeditisl

183 2259 235 2333 2⁰
265 2262 387 2337 Utrum
414 2265 593 2346 &cordos
620 2266 680 2356 qai
700 2265 884 2358 qrioilcqio
905 2265 1084 2356 personali
1103 2283 1172 2358 qro
1199 2269 1348 2354 qaotnor

111 2367 228 2446 diebm
253 2376 406 2465 qnalibet
432 2375 651 2452 bebdomada
676 2378 816 2471 troilon,
843 2381 999 2452 tmeolnr
1021 2375 1147 2450 iisdem·
1161 2391 1349 2469 paroman-

110 2485 151 2556 tis
176 2487 239 2567 nti,
266 2486 384 2561 diebm
396 2490 534 2582 pariter
559 2507 628 2562 non
654 2489 836 2584 impeditis,
851 2509 919 2584 qro
937 2489 1084 2579 einsdem
1109 2487 1348 2580 indalqenliae

111 2598 358 2688 acquisitione?

184 2709 235 2780 3.⁰
265 2711 385 2784 iliram
415 2711 583 2786 Sacerdos
608 2714 667 2802 qni
693 2713 784 2787 bona
808 2713 876 2807 fide
902 2712 990 2788 bisce
1023 2712 1167 2808 aesopo·
1192 2717 1348 2794 errasset,

110 2819 178 2892 siae
210 2821 299 2894 alios
335 2823 371 2894 in
404 2839 556 2896 errorem
590 2825 767 2906 traxisset,
794 2825 846 2898 ito
877 2831 917 2898 nt
942 2824 1179 2918 desnnotornm
1211 2826 1351 2900 animae

111 2931 292 3022 proedicto
308 2933 529 3026 tndnlqentia
545 2935 735 3028 [castratae
758 2936 910 3028 inissem,
929 2936 977 3008 od
994 2937 1138 3027 atiqaod
1163 2935 1352 3010 remedium

116 3047 287 3130 teneatur,
314 3050 347 3119 et
372 3047 409 3118 in
434 3052 591 3120 eocntnm
616 3063 684 3138 qno
711 3045 814 3122 lacco
845 3049 1055 3139 obliqalione
1079 3051 1123 3122 sil
1148 3049 1350 3129 adstrictas,

117 3173 284 3243 quaenam
310 3156 432 3232 acbeot
457 3177 525 3232 esse
550 3161 618 3232 ista
643 3161 846 3252 reparatio?

183 3269 257 3342 Sao.
285 3268 507 3362 congregatio
532 3288 610 3343 oum
633 3271 703 3362 jam
719 3271 784 3344 sub
801 3270 856 3344 die
885 3276 924 3341 ll
956 3270 1078 3362 Aoniis
1106 3277 1201 3344 teto
1227 3269 1271 3342 ad
1287 3268 1352 3361 pri·

115 3398 222 3466 mom,
249 3389 284 3455 el
309 3382 498 3456 secundom
527 3382 758 3475 respondisset
782 3411 794 3444 ι
814 3382 1053 3456 affirmative»
1079 3382 1191 3474 quoad
1217 3381 1350 3454 tertium

115 3492 386 3586 respondendnm
404 3512 481 3568 esso
496 3494 644 3569 decrevit
668 3493 899 3567 ‹Affnmative
916 3493 1029 3586 quoad
1045 3493 1118 3567 ilios
1140 3491 1351 3575 Sacerdotes,

116 3604 170 3694 qui
194 3611 293 3697 paolo
318 3605 561 3697 obligabantur,
579 3612 615 3678 ut
631 3606 767 3678 Missam
785 3613 922 3698 agerent
947 3607 982 3678 in
1007 3604 1108 3678 ditari
1131 3603 1350 3694 Privilegiato,

115 3733 239 3809 cosque
264 3715 390 3791 debere
415 3719 535 3792 inarari
551 3717 794 3810 indulgentiam
820 3719 1005 3792 Planasiam
1030 3735 1092 3810 pro
1108 3719 1149 3790 iis
1175 3714 1351 3797 defunctis

115 3829 236 3920 quibus
261 3830 384 3904 blissae
409 3830 554 3904 tractum
583 3830 954 3923 marcommannas,
980 3830 1112 3921 quoties
1136 3827 1258 3902 diebus
1283 3843 1354 3898 non

115 3941 282 4036 impeditis
307 3942 362 4016 usi
386 3961 455 4016 non
481 3949 560 4016 sunt
576 3942 781 4016 indumentis
807 3943 892 4035 nigri
910 3942 1055 4018 eoloris»
1074 3942 1116 4014 lit
1140 3941 1185 4014 ila
1207 3937 1355 4015 decrevit

116 4051 166 4126 die
193 4059 240 4128 22
266 4053 428 4128 Februari
456 4059 561 4128 tent.
