3254 4914
312 335 381 406 tet

276 466 374 550 ipsius
394 465 528 531 instituti
549 465 774 549 Lugdunensis,
794 467 886 533 etiam
907 467 938 532 in
960 467 1011 534 die
1032 467 1176 550 vigesima
1198 473 1301 535 octava
1326 469 1526 556 Decembris)

275 579 292 626 a
314 561 420 643 primis
442 562 572 643 vesperis
593 577 690 642 usque
712 561 749 625 ad
771 577 910 626 occasum
924 562 996 626 solis
1011 564 1214 644 praelatorum
1234 562 1365 644 dierum,
1387 564 1526 634 dommo·

276 657 315 722 do
342 657 380 720 iis
401 655 510 724 diebus
533 673 601 720 vere
625 657 816 738 poenitentes
842 657 968 721 conlcssi
991 671 1026 721 ac
1046 657 1077 722 S.
1105 656 1327 722 communione
1355 660 1470 741 relecti,
1492 664 1525 727 in

275 749 381 834 eadem
402 750 535 816 Ecclesia
557 767 611 833 pru
632 749 875 816 Christianorum
895 751 1074 834 Principum
1095 753 1266 831 cuncordia,
1288 753 1451 820 haeresum
1471 775 1525 820 cs-

276 847 449 928 tlrpatione,
470 863 505 912 ac
525 845 556 912 S.
576 845 686 912 Matris
700 846 853 912 Ecclesiae
879 847 1063 912 exaltatione
1089 848 1155 930 pias
1175 848 1214 914 ad
1234 849 1332 915 Deum
1359 865 1464 934 preces
1483 852 1527 916 ei-

277 942 417 1008 luodant.
1086 981 1089 984 -

335 1038 401 1103 Ed!
421 1035 504 1102 lum.
522 1037 660 1102 Plenuria
674 1037 786 1119 paritor
805 1036 994 1120 applicabilia
1007 1037 1040 1102 in
1056 1037 1152 1119 prima
1174 1039 1248 1104 teria
1262 1045 1349 1105 sextu
1363 1039 1527 1122 cuiuslibet

274 1134 388 1198 mensis
408 1143 479 1198 eum
499 1133 608 1198 iisdem
628 1131 866 1211 conditionibus,
889 1132 1082 1198 visitantibus
1101 1133 1135 1198 in
1156 1133 1291 1198 Ecclesia
1311 1135 1461 1216 praedicti
1482 1137 1526 1200 ln·

274 1229 372 1293 stituti
393 1228 626 1294 sanctissimum
645 1228 855 1292 Eucharistiae
883 1227 1114 1294 Sacramentum
1134 1227 1258 1310 publice
1280 1229 1419 1296 lidelium
1439 1247 1526 1297 vene·

275 1323 395 1403 rationi,
418 1321 597 1388 detinentis
620 1327 719 1387 tameo
741 1321 896 1387 ordinarii
918 1324 1101 1404 expositum.

355 1417 421 1482 bii,⁰
443 1419 581 1482 Picnaria
602 1418 742 1482 simililer
763 1417 953 1498 applicabiiis
974 1419 1006 1482 io
1029 1419 1127 1500 prima
1148 1417 1222 1482 teria
1242 1423 1329 1483 sexta
1349 1419 1446 1484 unius
1466 1426 1528 1486 tao·

276 1517 343 1577 tum
367 1511 443 1576 inira
465 1526 581 1576 annum
601 1513 723 1591 mensis,
738 1512 776 1576 ab
790 1511 951 1578 ordinario
966 1511 1079 1594 pariter
1091 1511 1235 1593 eligendi,
1250 1512 1347 1594 ipsam
1361 1515 1527 1581 Ecclesiam

276 1605 382 1671 eodem
405 1605 495 1670 modo
516 1605 680 1686 dispositis,
702 1605 895 1671 visitantibus
917 1609 947 1670 ei
969 1605 1143 1671 orantibus.¹

356 1699 422 1764 27.0
443 1698 636 1780 indulgentia
658 1712 727 1764 vero
747 1705 862 1779 septem
884 1716 1050 1780 annorum,
1064 1707 1244 1782 septemque
1258 1701 1529 1783 Quadragcnarum

279 1797 311 1860 in
330 1796 403 1860 leria
424 1800 508 1860 sexta
531 1795 674 1858 undecim
689 1795 876 1876 reliquorum
890 1796 1053 1874 meusium,
1067 1796 1211 1877 praelatis
1225 1797 1372 1877 injunctis
1386 1797 1529 1879 operibns

277 1886 502 1972 adimplesset
517 1905 589 1954 euru
603 1889 744 1954 iacultaie
759 1891 855 1971 ipsam
870 1905 992 1972 quoqne
1014 1889 1165 1956 deiunctis
1180 1891 1362 1973 applicandi.
1376 1893 1428 1958 En
1442 1892 1529 1958 lirani

279 1985 368 2051 ciam.
389 1984 466 2049 lilii
484 1983 543 2049 diri
563 1985 604 2049 20
622 1983 798 2050 Novembris
819 1984 900 2049 inne
920 1993 948 2050 et
970 1985 1017 2050 cit.
1039 1985 1154 2050 numi.
1175 1985 1222 2050 Pii
1242 1986 1293 2051 itt.

357 2080 424 2144 dli,l
444 2080 547 2145 litare
561 2079 657 2161 Euius
677 2081 830 2146 Ecclesiae
845 2081 957 2164 proprii
974 2081 1109 2146 instituti
1130 2080 1361 2163 Privilagiatum
1378 2082 1529 2164 quotidia-

278 2189 354 2241 num
374 2175 545 2242 declaretur
565 2187 620 2257 pro
640 2176 749 2254 lliasis,
767 2191 846 2257 quae
867 2175 899 2238 in
921 2174 987 2258 ipso
1009 2175 1045 2240 io
1064 2175 1247 2256 suffragium
1259 2175 1484 2258 cujuscumque
1497 2179 1528 2241 d·

279 2269 356 2338 dolis
376 2271 512 2336 defuncti
532 2271 735 2336 celebrantur.
746 2269 798 2337 Ec
812 2269 955 2352 naeuos
975 2269 1082 2336 Mucia
1102 2270 1529 2354 illuminantium

360 2461 425 2525 299
446 2460 554 2527 Omnia
576 2465 607 2524 et
628 2461 748 2540 singula
771 2466 832 2525 tarn
854 2460 1028 2542 Privilegia,
1050 2477 1142 2544 quam
1162 2460 1385 2543 indulgentiae,
1405 2473 1485 2542 quae
1499 2461 1527 2526 in

281 2555 341 2620 iroc
362 2555 534 2620 summario
556 2561 760 2634 recensentur,
782 2555 820 2620 ad
840 2553 996 2634 lluuiales,
1017 2555 1254 2637 Commorantes
1275 2562 1306 2623 et
1320 2554 1358 2621 nd
1379 2553 1528 2622 Ecclesias

280 2651 413 2716 universi
434 2649 556 2717 Ordinis
576 2667 594 2714 a
614 2651 792 2715 visitatione
814 2651 984 2731 nuncupati
1005 2657 1129 2716 extensa
1150 2658 1222 2716 suut
1243 2657 1274 2717 et
1293 2651 1434 2732 elargita.

361 2745 426 2809 30.ο
447 2743 555 2810 Omnia
578 2745 699 2810 taudem
721 2743 838 2824 Brevia,
858 2745 1086 2822 concessiones,
1106 2747 1272 2828 Rescripta,
1286 2761 1342 2810 seu
1355 2747 1484 2812 Decreta
1497 2745 1526 2810 in

280 2839 386 2904 eodem
408 2839 580 2904 Summario
601 2841 701 2919 citata,
722 2852 801 2921 uuae
821 2839 895 2905 olirn
908 2842 953 2905 ad
976 2849 1095 2923 tempus
1115 2841 1256 2924 expedita
1270 2847 1358 2919 sunt,
1376 2842 1527 2924 perpetuis

282 2935 394 2998 tuturis
407 2933 594 3014 temporibus
610 2934 736 2999 valitura
757 2935 920 3000 declaravit
941 2935 1156 3000 sanctissimus
1170 2936 1317 3000 Dominus
1330 2933 1443 3002 Noster
1461 2935 1528 3000 Pius

283 3027 339 3092 ΡΡ.
362 3028 411 3092 lit.
433 3028 613 3111 diaplasion
632 3031 680 3094 cii.
701 3029 812 3094 liceret.
835 3030 895 3094 diei
916 3031 935 3094 l
956 3028 1030 3094 uait
1053 3029 1142 3094 tunt.

362 3151 435 3270 Sao.
461 3193 681 3287 Congregatio
706 3150 935 3289 indulgentiis,
961 3195 1139 3288 Sacrisqos
1163 3193 1323 3288 iieiiquits
1347 3194 1530 3288 praeposita

278 3323 439 3400 praesens
464 3307 691 3380 sommarium
716 3327 793 3382 curn
818 3309 892 3383 suis
916 3307 1134 3400 originalibus
1150 3307 1317 3392 collatum,
1334 3307 1384 3380 uli
1398 3307 1529 3380 autbco·

278 3417 380 3492 tlonm
405 3413 607 3514 recognovit,
633 3419 721 3512 typis
747 3420 903 3513 imprimi,
930 3435 970 3494 ae
993 3412 1155 3513 publicari
1187 3434 1289 3511 posse
1312 3419 1455 3492 censuit.
1473 3419 1526 3490 ila
1606 3493 1607 3498 Ν

280 3537 350 3630 tum
378 3533 503 3604 Rornae
528 3551 571 3604 cx
597 3533 779 3605 secretaria
797 3527 949 3624 ejusdem
967 3535 1039 3606 Sao.
1059 3525 1331 3624 congregationis
1356 3523 1528 3623 indulgen·

286 3643 403 3716 ilerum
429 3641 484 3716 die
510 3648 555 3716 29
582 3643 727 3718 ianuarii
757 3649 865 3718 tete.

873 3803 876 3810 .
996 3748 1034 3832 E.
1058 3757 1163 3832 Caum
1189 3745 1363 3839 isoardus
1389 3755 1505 3828 Pnuor.

1099 3871 1129 3945 l.
1159 3869 1261 3943 Goito
1288 3870 1411 3942 secret.
