3130 4920
790 323 1008 390 „295-

279 459 426 554 ousiiret
450 459 525 551 die;
548 465 679 554 mtem
703 472 879 544 aucorum
896 456 1102 550 totidemque
1118 453 1406 548 mndrageonum
1429 454 1492 532 die·

278 571 346 648 nuo
369 573 550 648 Dominicis
574 572 748 646 concessit
776 572 949 646 Praeterea
974 570 1015 642 iis
1039 567 1195 642 omnibus
1227 569 1287 660 qui
1315 568 1496 660 hujusmodi

279 701 398 778 preces
422 683 572 777 quotidie
595 683 751 768 luderiot
777 681 1020 773 indulgentiam
1045 680 1230 754 Plenariam
1253 679 1307 754 bis
1331 680 1497 754 inmense

279 796 517 888 acquiendam
542 795 673 873 munus
691 794 854 870 vuidelicet
877 793 1026 886 cujusvis
1051 793 1177 866 menen
1192 791 1498 866 diebusliominicis

279 923 342 1000 oro
366 906 501 985 mbitrm
526 906 706 1000 eligendis,
735 907 770 980 io
795 904 919 998 quous
944 921 1024 980 rere
1051 905 1279 998 poenitentes,
1309 903 1450 978 ooniemi
1467 909 1499 976 et

280 1019 315 1093 S.
341 1019 586 1095 communiam
606 1019 722 1094 releeti
745 1020 842 1110 juxta
865 1018 1053 1094 Smodmis
1078 1018 1167 1092 Suae
1195 1021 1344 1091 mentam
1369 1034 1428 1110 per
1450 1016 1498 1088 ali·

280 1129 374 1222 quod
396 1131 557 1224 temporis
580 1131 726 1224 spatium
750 1131 927 1214 ararniut.
952 1129 1097 1221 moigne
1121 1129 1309 1222 impertitus
1334 1133 1396 1202 est.
1412 1128 1498 1201 Eam·

280 1240 427 1336 demque
438 1241 679 1335 indulgentiam
698 1242 883 1318 Plenariam
900 1259 977 1316 cum
997 1241 1116 1316 iisdem
1136 1238 1384 1316 conddooihus
1400 1258 1500 1312 amao-

278 1353 407 1428 tissime
432 1355 598 1429 conoessit
622 1355 657 1426 io
682 1355 840 1429 omnibus
864 1360 899 1429 el
922 1353 1063 1446 singulis
1087 1355 1123 1426 B.
1150 1354 1194 1428 lli.
1213 1352 1254 1426 V.
1280 1351 1500 1428 festivitatibus

279 1483 343 1540 nec
367 1483 436 1541 non
460 1468 496 1540 iu
519 1467 604 1540 testo
629 1467 788 1542 Omnium
805 1467 1004 1540 Sanctorum
1028 1465 1071 1540 de
1095 1483 1240 1558 quorum
1264 1465 1394 1540 honore
1408 1463 1500 1558 preci·

279 1597 347 1673 pue
372 1579 489 1672 agitur.
515 1579 667 1672 nonique
692 1579 831 1672 singuiis
854 1577 1027 1663 fidelibus,
1057 1579 1119 1672 qui
1142 1585 1199 1652 aut
1225 1577 1501 1654 sacramentaliter

279 1689 424 1794 coniecsi
448 1697 483 1765 et
506 1691 541 1765 S.
567 1691 811 1778 communione
835 1691 967 1776 reiecti,
993 1696 1050 1764 aut
1074 1689 1192 1766 salem
1217 1689 1320 1766 eorde
1345 1708 1424 1766 rere
1445 1687 1500 1761 siut

280 1799 411 1876 couniti
436 1802 621 1878 Pleoariam
646 1803 890 1898 indulgentiam
914 1803 951 1876 iu
975 1802 1112 1876 articulo
1136 1801 1253 1876 mortis
1269 1802 1427 1894 elargitus
1449 1804 1499 1874 osi

354 1913 527 1990 durabunt
551 1915 651 2010 igitur
681 1915 799 1990 fideles
824 1931 961 1998 omnes,
987 1914 1045 2005 qui
1070 1914 1135 1986 hoc
1158 1912 1319 2006 singulari
1351 1909 1500 1988 benefida

282 2024 429 2118 uendere
455 2027 629 2112 voluerint,
655 2029 839 2122 praemissa
863 2026 1037 2121 diligenter
1062 2026 1209 2119 explere,
1232 2043 1303 2118 quo
1328 2025 1451 2100 iacilius
1465 2040 1500 2096 ex

281 2137 345 2212 hac
369 2139 500 2214 mortali
526 2139 593 2214 vita
616 2139 661 2212 ad
684 2145 855 2214 aeternam
871 2137 1065 2212 Patriamiu
1090 2138 1289 2212 Societatem
1315 2139 1354 2211 B.
1370 2133 1500 2228 Virginis

281 2255 316 2324 et
332 2250 530 2326 Sanctorum
555 2253 708 2328 omnium
723 2252 827 2348 recipi
851 2257 1052 2326 mereantur.
1072 2250 1252 2343 Voluitque
1267 2250 1431 2325 Sanctitas
1445 2249 1501 2320 Sua

280 2360 368 2436 hanc
392 2365 533 2460 matiam
556 2371 754 2460 perpetuam
779 2365 850 2440 iore
875 2365 950 2438 sine
974 2364 1041 2438 ulla
1066 2363 1180 2438 Brevis
1205 2362 1430 2456 expeditione,
1444 2373 1501 2434 ooo

281 2474 490 2567 absentibus
515 2477 551 2551 in
575 2479 779 2554 contrarium
803 2475 1000 2550 iacientibus
1025 2475 1307 2568 quibuscumque.

354 2587 475 2662 Datum
501 2590 627 2664 Romae
652 2608 696 2664 er
719 2589 905 2665 Seorelaria
929 2589 1003 2662 Sao.
1037 2586 1311 2681 mummolinum
1342 2582 1501 2675 indulgeo

281 2697 402 2774 dmm
426 2698 481 2774 die
507 2705 528 2774 ὅ
556 2700 679 2796 domis
706 2704 814 2776 1786.

835 2813 876 2888 V.
903 2813 1005 2888 Cano.
1031 2809 1251 2891 Bounomos
1276 2811 1479 2896 Pro-Paroa.
1541 2815 1542 2872 l

957 2922 1016 3000 lit.
1040 2927 1092 3000 lle
1115 2925 1237 3003 Marco
1264 2926 1390 3004 secret

823 3119 973 3198 CCCXC.

729 3314 932 3391 Beatissimo
956 3314 1072 3391 Pcdrc

720 3424 736 3460 0

355 3479 520 3554 lllcccti
544 3479 600 3558 dal
626 3484 662 3556 S.
688 3483 819 3580 alocale
846 3483 990 3558 Custode
1020 3483 1188 3578 medanti
1213 3483 1251 3556 ct
1281 3482 1393 3558 liceo
1422 3473 1498 3552 dello

284 3590 422 3664 Scalild
453 3593 571 3670 Vestro
590 3599 809 3688 mammeti
835 3598 934 3672 iccio
960 3595 1015 3670 dal
1041 3599 1076 3670 S.
1102 3594 1219 3678 Piede,
1246 3587 1497 3689 >montosae
1541 3649 1542 3656 a

283 3699 421 3781 sancite
452 3705 569 3780 Vestro
595 3727 618 3780 o
643 3691 856 3804 compmeere'
871 3711 886 3784 i
902 3710 977 3784 loro
1002 3710 1072 3782 cici
1098 3707 1269 3790 mailletii,
1287 3725 1352 3782 cco
1369 3703 1496 3800 accim·

281 3832 361 3906 eere
385 3813 460 3890 olla
488 3818 617 3894 Granio
642 3821 833 3896 occordctc
851 3820 899 3896 do
921 3822 1040 3896 Vestra
1057 3820 1196 3894 coalito
1222 3817 1259 3894 di
1284 3825 1380 3894 cento
1402 3807 1499 3910 oioutt'

282 3943 306 3996 c
331 3921 387 4001 cdi
411 3929 519 4004 recito
543 3929 702 4026 l'dngeie
719 3935 789 4019 liei,
812 3934 983 4030 perideo
1002 3933 1151 4028 vstabiliti
1176 3931 1276 4009 dolio
1294 3929 1430 4006 Scoiitd
1453 3923 1499 3998 Va

281 4037 366 4122 oro,
392 4057 456 4114 ooo
480 4059 541 4114 saro
566 4045 687 4128 Breve,
713 4065 779 4120 coo
803 4043 993 4120 cccordcrc
1020 4041 1265 4136 l’lcdcloeazc
1288 4039 1450 4116 Plaetorio
1469 4033 1498 4104 il

280 4149 427 4258 articulo
447 4154 628 4238 mortim
651 4153 708 4234 eii
722 4159 760 4236 io
784 4158 859 4236 otta
885 4158 990 4232 cilio
1015 4155 1231 4250 frequentato
1258 4156 1294 4232 tc
1319 4155 1425 4230 recito
1438 4144 1496 4222 dei·

281 4253 304 4328 l’
318 4259 481 4352 Allifano
506 4265 677 4350 endalatio.
