3182 4922
759 307 978 374 -542-

254 441 407 514 fidelium
432 441 666 514 detunctorum
692 439 901 534 applicandi3
923 441 1082 533 ipsasque
1098 442 1239 514 coeteris
1254 441 1472 516 sodmanm

253 553 422 646 praefatae
447 551 805 626 Archicoutratemitaii
830 555 1027 644 aggregatis,
1054 571 1093 624 ac
1117 553 1152 625 iu
1177 559 1348 645 postemru
1374 573 1475 647 aggre

252 665 371 758 gaudis
395 665 674 739 communicandi.
701 667 937 739 Praesentibus
963 667 997 738 in
1022 673 1222 758 perpetuum
1247 667 1392 742 ralitmis
1407 669 1473 740 ahs·

252 795 320 869 qne
335 777 401 850 ulia
415 778 531 850 Brevis
545 777 769 871 expeditione.
788 781 909 851 Datum
922 779 1049 850 Romae
1061 797 1105 852 ex
1118 778 1302 852 &creada
1317 780 1389 852 Sao.
1401 779 1477 852 con

252 891 454 982 gregationis
479 891 610 983 lodulg.
636 890 691 965 die
718 897 763 964 l3
789 891 880 965 lunii
909 895 1015 962 1853.
1131 875 1137 885 “

654 1025 662 1038 ·
948 1005 986 1075 P.
1011 1003 1115 1076 dam.
1141 999 1316 1087 Asonnnns
1342 1007 1455 1078 Palm.

1012 1117 1054 1186 Δ.
1082 1116 1245 1189 Colcmiro
1271 1119 1395 1191 Semel.

770 1225 978 1300 DCXXXIV.

732 1360 825 1412 mers
850 1359 1011 1411 moeurs

326 1449 369 1525 Ut
394 1469 473 1543 erga
507 1449 667 1524 Sannum
699 1449 874 1524 Camillum
906 1450 950 1524 de
982 1450 1083 1523 Lellis
1113 1451 1222 1542 magis
1250 1465 1291 1522 ac
1318 1451 1483 1544 magistu

248 1561 411 1638 lidelinm
438 1563 602 1638 cordibus
628 1570 789 1656 augeatur
805 1563 937 1636 deuotio
955 1564 990 1635 P.
1008 1563 1182 1656 Philippus
1201 1564 1399 1638 mactamur
1419 1565 1483 1640 Cle·

100 1657 108 1674 ’
248 1675 395 1749 ricorum
419 1675 635 1767 ilegniarium
663 1675 807 1749 infirmis
837 1676 1094 1748 Ministrantinm
1123 1675 1394 1751 ProPraeleetus
1418 1677 1482 1752 cnl-

249 1789 302 1862 ris
328 1789 485 1881 precibus
510 1789 649 1880 rogabat
673 1783 929 1862 sanctissimum
953 1789 993 1860 ll.
1019 1789 1058 1861 N.
1085 1788 1182 1861 Pium
1207 1789 1270 1861 PP.
1296 1791 1346 1862 lx
1370 1798 1407 1864 nt
1429 1809 1484 1883 pro

249 1901 306 1994 pio
330 1901 499 1973 Erereino
523 1907 655 1992 septem
679 1900 927 1973 Dominicamm
952 1901 987 1972 in
1012 1899 1177 1972 honorem
1201 1899 1359 1992 eiusdem
1381 1901 1484 1975 &neti

249 2013 372 2085 iterum
389 2012 532 2085 excitato
549 2013 727 2085 nonnullas
743 2011 970 2103 indulgentias
986 2011 1031 2084 de
1046 2012 1205 2084 thesauro
1221 2013 1393 2086 Ecclesiae
1408 2014 1484 2086 elar-

249 2123 311 2215 giri
336 2121 537 2214 dignaretur.
564 2125 712 2197 oratoris
736 2125 895 2216 precibus
919 2124 1182 2198 clementissime
1206 2128 1377 2219 susceptis
1400 2127 1484 2200 idem

249 2235 486 2309 sanctissimus
512 2235 674 2309 [lominus
698 2237 819 2310 Noster
844 2237 989 2328 benigne
1015 2237 1162 2320 indulsit
1179 2244 1218 2309 nt
1234 2255 1358 2312 omnes
1373 2237 1485 2312 atrius·

249 2367 318 2441 que
343 2365 448 2420 serus
473 2347 713 2422 christifideles
738 2367 955 2441 quocumque
980 2349 1059 2421 anui
1082 2353 1236 2440 tempore
1261 2367 1324 2441 per
1363 2359 1485 2443 septem

250 2461 481 2536 consecutivus
505 2462 696 2534 Dominieas
728 2462 782 2534 rel
814 2460 946 2555 publice
974 2462 1029 2534 rel
1058 2461 1213 2553 privatim
1251 2463 1385 2555 aliquas
1419 2464 1485 2556 pias

250 2592 367 2667 preces
394 2575 428 2646 iu
454 2575 566 2646 Sancti
590 2575 719 2648 Camilli
743 2574 908 2648 honorem
925 2573 1115 2658 tundentes,
1135 2574 1323 2648 dnmmodo
1340 2577 1408 2650 siut
1423 2593 1486 2648 cor·
1568 2635 1569 2672 ³

250 2687 294 2758 de
325 2687 444 2758 saltem
476 2687 617 2758 contrito
651 2687 894 2778 indulgentiam
920 2693 1052 2778 septem
1084 2705 1250 2759 annornm
1283 2688 1486 2780 totidemque
1568 2731 1569 2756 r

250 2796 540 2888 quadragenarum
566 2799 671 2872 semel
686 2800 721 2872 in
738 2818 943 2891 unaquaque
959 2817 1003 2871 er
1021 2807 1152 2890 septem
1168 2800 1356 2874 Dominicis
1376 2799 1487 2874 lucrari
1568 2807 1569 2894 ζ

250 2909 391 3003 possint,
417 2917 451 2983 et
475 2911 622 3000 valeant;
648 2911 689 2983 iis
715 2929 794 2984 nero
819 2911 1098 2984 christifidelibus
1123 2911 1183 3002 qui
1208 2913 1242 2983 in
1267 2913 1487 3005 septimane
1568 2979 1569 3010 ἒ

250 3019 371 3093 minica
396 3029 528 3115 praeter
552 3023 624 3116 pias
650 3042 767 3116 preces
793 3031 830 3096 ut
855 3043 957 3115 supra
982 3022 1180 3106 recitandas,
1200 3023 1302 3095 etiam
1322 3043 1403 3097 rere
1420 3039 1487 3116 poe

251 3133 395 3207 nitentes
420 3135 575 3220 confessi,
602 3153 640 3208 ac
665 3137 700 3208 S.
726 3137 971 3209 communione
996 3134 1111 3208 relecti
1135 3135 1269 3218 inerint,
1295 3141 1333 3208 et
1350 3136 1486 3227 aliquam
1568 3185 1569 3220 ,

251 3247 434 3319 Ecclesiam
452 3265 513 3320 sen
529 3247 701 3340 publicum
719 3249 908 3322 oratorium
925 3247 1046 3320 denote
1062 3247 1278 3328 visitaverint,
1296 3247 1417 3338 tuique
1435 3263 1487 3338 per

252 3359 389 3450 aliquod
411 3361 573 3452 temporis
599 3361 745 3453 spatium
759 3362 856 3453 juxta
871 3364 1021 3432 mentem
1037 3359 1227 3430 sanctitatis
1243 3357 1336 3432 Suae
1354 3360 1411 3452 pie
1425 3375 1487 3430 ora
1568 3349 1569 3404 t

251 3472 369 3557 verint,
396 3471 583 3544 Plenariam
608 3471 782 3546 dumtaxat
807 3472 1051 3564 indulgentiam
1077 3477 1289 3563 peramanter
1305 3473 1486 3564 estimper·

251 3585 342 3668 titus,
368 3601 447 3656 cnm
472 3583 625 3658 tenuitate
650 3605 788 3678 qnoque
812 3591 881 3656 tarn
905 3584 1092 3667 Partielem,
1110 3601 1214 3674 qnam
1236 3583 1426 3656 Plenarim
1440 3583 1485 3654 ln
1568 3569 1569 3656 l

251 3695 456 3787 dulgentiam
480 3694 630 3768 fidelium
654 3696 889 3770 detunctorum
914 3696 1090 3768 unimanus
1116 3693 1316 3787 applicandi.
1335 3697 1411 3768 Non
1433 3694 1485 3765 ol»
1568 3749 1569 3756 Ν

252 3809 417 3882 stantibus
443 3809 476 3881 in
503 3811 704 3883 ceutronum
731 3809 927 3882 iacientibus
953 3808 1234 3900 quibuscumque.
1262 3807 1435 3882 Praesenti
1456 3805 1486 3877 in

256 3929 457 4014 perpetuum
483 3923 623 3994 valituro
650 3923 779 4014 absque
804 3922 870 3994 ulia
894 3921 1009 3994 Brevis
1034 3919 1257 4012 expeditione.

327 4033 449 4106 Datum
474 4036 601 4108 lionae
625 4051 667 4108 ex
693 4035 876 4108 secretaria
892 4035 966 4106 Sao.
984 4033 1258 4123 congregationis
1273 4031 1487 4126 indulgente
1568 4023 1569 4032 '

253 4157 330 4217 rum
354 4143 409 4220 die
435 4153 457 4218 8
482 4147 624 4240 Augusti
651 4151 758 4221 ¹853.

949 4256 988 4329 F.
1015 4256 1119 4331 (lanu.
1145 4256 1322 4346 Ascurum
1349 4261 1464 4332 Paene.

993 4371 1033 4443 A.
1063 4369 1224 4446 colonio
1250 4371 1378 4446 socru.
1568 4379 1569 4382 ‘
