3214 4928
649 349 844 418 ...69-

121 481 331 554 Praeiectum
359 479 554 573 huiusmodi
580 481 706 568 dubio,
733 486 895 559 Sanctitas
920 488 988 560 Sua
1013 488 1055 561 ad
1080 490 1257 564 terendam
1283 511 1362 586 erga

120 593 282 668 eumdem
316 595 479 666 Sanctum
512 596 631 668 miram
664 598 708 670 oh
740 604 789 670 tot
820 600 941 690 gratias
974 606 1046 672 turn
1078 603 1265 695 spirituales
1290 613 1363 678 turn

120 707 327 799 temporales
361 706 566 801 Populorum
599 708 809 782 devotionern
840 711 986 803 benigne
1018 713 1214 799 declaravit,
1241 716 1362 790 dictam

120 819 372 910 indulgentiam
405 837 466 913 pro
496 821 635 912 singulis
661 823 818 907 concedi,
851 823 956 914 idque
987 826 1021 898 in
1054 826 1194 902 Decreto
1220 829 1362 922 exprimi

119 929 305 1006 mandauit.
332 933 394 1006 Die
421 938 440 1004 7
468 934 613 1006 ianuarii
642 940 747 1007 tito.

523 1047 559 1118 L.
585 1047 763 1120 lierseorus
788 1049 956 1122 Acetum.
983 1051 1086 1124 Cano.
1113 1053 1209 1126 Picus
1235 1055 1358 1130 ratur.

595 1160 743 1236 loannes
768 1161 1049 1256 archiepiscopus
1079 1166 1158 1256 Tyri
1184 1169 1307 1242 secret.

719 1375 770 1445 (ll.

675 1545 815 1598 senen.

195 1728 261 1794 t.¹¹¹
280 1721 335 1794 dn
352 1722 521 1796 Moniotes
548 1723 752 1796 Sanctorum
768 1724 922 1799 ttondit
940 1731 974 1800 ct
991 1725 1206 1800 Abundantii
1224 1727 1362 1802 Ordircts

118 1835 335 1910 ennemase
361 1837 394 1906 S.
422 1833 597 1908 Benedicti
626 1842 727 1910 retro
751 1839 890 1910 moenio
922 1839 1078 1912 Ciuitatis
1105 1841 1276 1912 sonoro-m
1302 1859 1360 1914 ec-

115 1951 239 2022 clusoe
265 1947 428 2020 deantur
453 1967 477 2020 o
503 1948 696 2040 Priuilegiis
721 1951 897 2024 alterium
923 1949 1046 2024 Ordtrn
1064 1951 1255 2026 Cossincnsi
1279 1972 1359 2026 con·

116 2063 222 2136 cessis
247 2061 286 2132 in
310 2079 392 2132 costr
418 2061 503 2131 etc?
529 2065 561 2131 ct
586 2064 752 2151 quotenos
778 2063 946 2154 negative.

194 2179 262 2246 2¹¹¹
288 2173 342 2243 An
368 2170 654 2244 concedendae
610 2174 654 2246 sit
678 2175 818 2246 itiornne
844 2177 1133 2248 commannicotint

194 2287 300 2358 Sacra
326 2283 546 2375 congregatio
571 2283 636 2358 diei
664 2291 684 2356 t
712 2287 880 2360 tetrwnartt
911 2292 999 2360 titt
1030 2288 1202 2381 respondit

192 2397 250 2472 tto
282 2401 340 2468 lin
365 2395 581 2470 Affirmativc.

193 2509 310 2582 Ad„
278 2515 299 2558 ⁹
315 2516 342 2558 ¹¹¹
368 2509 431 2581 Pro
458 2509 578 2581 Gratia.

706 2759 771 2833 cll.

193 2971 251 3044 ttd
277 2970 478 3044 hunrillimas
502 2987 620 3062 preces
646 2972 699 3043 Fr.
726 2973 883 3065 leopoldi
910 2973 959 3046 Pii
984 2975 1138 3048 Sermoni
1155 2975 1277 3050 Vicarii
1295 2976 1359 3050 Ge·

115 3085 246 3160 neralis
274 3081 406 3156 Ordinis
432 3085 466 3155 S.
493 3084 629 3156 loannis
646 3081 689 3156 de
706 3085 775 3158 Deo
796 3085 1069 3178 congregationis
1085 3087 1196 3162 ltaliae
1213 3088 1360 3162 Sanctis·

114 3201 230 3273 sirnus
259 3196 421 3270 ltonrious
448 3197 567 3268 Noster
580 3196 780 3270 Benedictus
794 3199 856 3269 ΡΡ.
870 3199 947 3270 lllV
964 3199 1029 3273 sub
1042 3199 1097 3272 die
1112 3205 1151 3272 at
1171 3201 1247 3274 llaii
1264 3205 1353 3274 litt

115 3313 271 3404 benigne
295 3309 328 3381 in
353 3316 553 3402 perpetuum
581 3308 733 3396 indulsit,
767 3317 804 3382 ut
835 3329 953 3383 omnes
979 3317 1012 3384 et
1037 3313 1189 3404 singulae
1218 3311 1357 3398 Missae,

115 3443 208 3518 qnae
233 3424 271 3496 in
302 3421 370 3494 rin
401 3427 601 3494 statutorum
633 3421 767 3494 Ordinis
800 3423 938 3514 praelati
971 3424 1133 3498 celebrari
1163 3425 1272 3500 solent
1296 3444 1358 3518 pro

115 3537 274 3630 ejrrsdem
300 3533 474 3626 lteligiosis
500 3534 543 3606 ab
568 3535 631 3606 hac
663 3535 739 3608 luce
770 3535 1009 3626 migrantibus,
1043 3536 1087 3609 ad
1118 3537 1359 3629 quodcumque

117 3653 232 3726 Attare
256 3648 482 3722 ltmtestarnnr
507 3646 642 3720 Ordinis
668 3653 701 3720 et
727 3647 1000 3741 congregationis
1022 3648 1188 3741 eiusmodi
1204 3650 1239 3722 in
1255 3648 1357 3736 ltalia,

117 3763 233 3846 Galtia
262 3761 452 3842 Germania,
479 3767 512 3832 et
537 3759 673 3832 Potonia
698 3759 770 3834 sive
796 3767 1000 3846 erectarum,
1026 3761 1098 3834 sive
1123 3761 1158 3834 in
1183 3767 1357 3855 posterum

116 3874 352 3968 erigendarum
384 3870 572 3946 celebratae
602 3871 725 3945 luerint
753 3871 894 3966 perinde
923 3873 1165 3967 suffragentur,
1197 3892 1236 3948 ac
1260 3874 1290 3949 si
1315 3875 1359 3950 ad

116 3990 230 4062 ‚litare
255 3985 502 4082 privilegiatum
528 3984 714 4058 celebratae
739 3985 891 4060 luissent.
918 3987 1039 4060 ltatum
1065 3991 1128 4060 etc.

747 4098 784 4172 L.
811 4099 914 4172 Gran.
942 4101 1038 4172 Proos
1062 4098 1184 4174 Pater.

604 4212 644 4284 A.
673 4211 720 4284 tl.
747 4213 842 4286 Erite
866 4213 961 4286 Prot.
989 4212 1200 4306 Apostolicns
1226 4211 1348 4288 Secret.
