3346 4924
491 396 499 405 .
645 346 862 414 -579-

525 597 530 608 ,
672 536 845 618 dccxv.-

206 699 293 773 cnm
319 695 451 775 diversa
473 698 529 791 pia
554 716 657 792 opero
682 717 719 773 ao
743 697 871 794 preces,
898 699 1022 794 quibus
1047 701 1265 780 Summomm
1289 677 1389 784 lton·¹

132 811 261 890 tticum
287 809 536 904 elargitionibus
561 811 789 904 Indulgentiae
813 819 893 887 sunt
917 814 1080 900 adnexae,
1106 834 1170 890 nec
1196 837 1264 892 nun
1287 833 1377 895 com-
1491 893 1496 900 .

131 926 241 1020 pluro
254 923 375 997 Sacrae
398 922 682 1014 indulgentiarum
699 925 971 1017 congregationis
997 926 1131 1001 decreta
1147 947 1187 1002 ac
1201 932 1375 1006 resolutio

132 1053 195 1111 nes
220 1053 266 1108 ez
290 1035 445 1127 genuinis
469 1034 616 1109 lontibus
641 1037 676 1108 in
701 1038 873 1129 opusculo,
900 1039 953 1112 cui
980 1039 1094 1112 titulus
1118 1043 1191 1114 «Lo
1218 1041 1375 1118 Chattica

132 1146 260 1224 octauo
284 1165 342 1220 sor
359 1149 406 1220 ¹lu
432 1151 557 1222 nmero
579 1152 612 1222 et
637 1147 771 1242 torono
797 1149 855 1223 des
881 1150 1129 1244 ludulpcocer»
1154 1153 1271 1244 gallico
1292 1149 1375 1234 toto·-
1411 1143 1413 1146 ’
1477 1167 1480 1172 ·

132 1267 223 1336 matu
253 1264 426 1332 exartum
459 1267 610 1337 accurate
640 1261 828 1353 collegisset
851 1263 890 1336 lt.
921 1264 958 1336 Ρ.
984 1265 1174 1338 Antoninus
1205 1267 1376 1347 llanrelo

133 1371 299 1445 Societas
322 1371 413 1455 lesu,
439 1371 514 1444 Sao.
540 1370 759 1465 congregatio
785 1371 1004 1467 indulgentiis
1024 1376 1197 1469 sacrisque
1213 1371 1375 1470 ltellquils

132 1483 324 1578 praeposita
348 1482 392 1556 nd
416 1482 568 1574 ejusdem
594 1503 715 1578 preces
747 1485 891 1560 declarat
922 1486 1116 1579 hujusmodi
1143 1489 1375 1566 collectionem

133 1593 360 1669 authenticam
386 1611 473 1680 esse,
491 1613 531 1667 ac
546 1595 690 1690 proinde‘
711 1596 872 1690 publicari
897 1617 1008 1692 posse.
1034 1601 1185 1694 Insuper,
1212 1609 1298 1675 oum
1315 1603 1374 1681 ali·

135 1707 262 1800 quinus
293 1703 451 1800 precihus
475 1706 513 1780 in
539 1706 659 1782 eodem
688 1710 851 1802 opusculo
883 1711 993 1784 versio
1017 1711 1133 1803 gallica
1159 1731 1179 1784 a
1204 1713 1375 1806 praedicto

141 1822 178 1895 P.
204 1820 330 1896 llaurel
355 1820 506 1913 appositu
530 1821 641 1906 luerit,
668 1839 775 1914 eaque
803 1841 822 1896 a
851 1823 1033 1897 normsima
1057 1824 1283 1900 decimotertio
1308 1830 1375 1901 lto·

136 1951 237 2006 mana
263 1931 409 2006 editione
433 1932 556 2026 operis,
582 1933 636 2006 oui
660 1934 775 2009 titulus
799 1936 990 2010 «dneoolto
1016 1936 1053 2010 dt
1082 1937 1250 2020 marioni,
1277 1939 1375 2033 opio

134 2063 238 2139 opere
257 2061 324 2137 per
349 2046 380 2118 lc
405 2046 503 2136 pontt
526 2063 609 2119 sono
634 2049 722 2120 stote
747 2045 929 2120 connodato
962 2046 1024 2120 dot
1058 2049 1188 2122 Summi
1213 2051 1376 2146 Pentelici

135 2159 168 2232 lc
185 2157 219 2230 S.
237 2154 444 2248 ludutpeozo
460 2160 547 2232 etc.»
571 2155 755 2249 diligenter,
772 2157 981 2250 fideliterque
998 2157 1253 2252 deprompserit,
1271 2162 1374 2235 Sacra

135 2267 256 2342 eadem
281 2267 500 2358 congregatio
525 2267 697 2342 versiones
722 2269 812 2363 ipsas
828 2268 945 2344 ddeles
962 2267 1116 2354 declarat,
1143 2271 1176 2344 el
1201 2271 1373 2364 approbat.

209 2380 331 2452 Datum
356 2379 481 2454 llomae
510 2397 554 2454 ex
586 2381 768 2455 Secretarla
783 2380 978 2475 -praeiatae'
999 2380 1073 2452 Sao.
1100 2380 1374 2474 congregationis

134 2491 191 2567 die
219 2495 260 2563 lt
290 2489 367 2565 tulii
393 2495 497 2566 teto.
562 2489 567 2498 '

833 2603 869 2677 ll.
896 2602 1000 2677 Canu
1027 2602 1200 2687 leomarus
1227 2604 1348 2680 Pauus.

898 2714 939 2790 Α.
969 2713 1129 2790 dotomoo
1157 2717 1288 2792 Secret'

672 2910 843 2987 DGLXVI.

630 3055 880 3110 FIDEN'l'lN.
1009 3065 1011 3068 '

211 3161 423 3253 Quamquam
449 3175 492 3232 ex
518 3157 664 3232 indubiis
690 3160 857 3233 fidentinis
884 3158 1109 3232 monumentis
1141 3175 1255 3232 sacras
1276 3160 1375 3235 'Exo-

135 3276 209 3349 vias
234 3273 357 3347 Christi
382 3271 534 3366 llartyrls
551 3272 662 3344 Sancti
679 3273 835 3345 llomnini
860 3270 1052 3344 iideutioae
1070 3271 1239 3344 Ecclesiae
1258 3271 1377 3345 Cathe-

136 3387 240 3463 dralls
264 3385 429 3468 titularis,
456 3403 519 3458 neo
544 3403 611 3458 nun
637 3384 784 3458 Civitatis
810 3389 843 3458 et
868 3383 1036 3456 Dioecesls
1054 3382 1186 3455 Patroni
1203 3383 1376 3477 Praecipui

138 3501 172 3574 in
199 3501 273 3592 ipsa
297 3497 443 3570 Ecclesia
468 3495 656 3569 reconditas
681 3513 757 3570 esse
783 3500 965 3578 constaret,
999 3495 1148 3585 ignotum
1179 3499 1291 3567 tamen
1317 3493 1376 3568 din

137 3611 199 3684 luit
231 3627 301 3702 quo
333 3607 467 3701 proprio
491 3607 527 3679 in
552 3608 624 3681 loco
650 3607 800 3698 ejusdem
827 3605 1003 3678 Ecclesiae
1019 3605 1286 3696 requiescerent,
1313 3605 1376 3678 etsi

137 3719 367 3797 testimoninm
394 3719 541 3793 virorum
566 3719 600 3792 ln
626 3718 728 3792 rebus
760 3718 875 3812 patriis
901 3716 1106 3790 eruditorum
1133 3717 1167 3788 in
1192 3734 1266 3788 eam
1299 3733 1377 3809 per·

138 3841 243 3929 petuo
269 3832 443 3905 induceret
470 3831 684 3924 opinionem,
711 3831 775 3905 suh
800 3830 866 3904 Ara
891 3829 1041 3923 llypogei
1066 3827 1233 3922 praefatae
1257 3826 1378 3901 Cathe-

139 3945 241 4020 dralls
270 3944 336 4016 lunc
368 3943 508 4016 Sacrum
540 3942 671 4036 Corpus
696 3941 873 4016 ltnmalum
905 3939 1014 4015 oolarl.
1040 3939 1078 4014 ld
1103 3940 1215 4031 ltaque
1247 3944 1377 4012 tantum

137 4061 315 4151 supererat
343 4054 386 4126 ad
416 4053 597 4128 ildentlnos
626 4055 858 4130 christifideles
883 4069 961 4146 erga
986 4069 1086 4125 suum
1111 4049 1377 4148 beneficentissi-

137 4187 236 4243 mnm
261 4169 442 4242 Patronum
459 4167 636 4242 devotione
657 4166 922 4251 luilammandos,
940 4163 1033 4257 quod
1049 4180 1171 4257 nempe
1188 4181 1232 4236 ex
1249 4162 1375 4236 incerto

138 4283 215 4357 loco
246 4279 451 4377 praelaudati
483 4279 595 4354 Sancti
619 4281 771 4375 ldartprls
800 4297 878 4354 ossa
906 4275 1143 4354 invenirentur.
1170 4275 1378 4372 Quapropter
