3134 4918
789 357 1008 424 -388-

276 499 382 569 sceret
406 493 516 567 Sacris
541 493 681 587 proinde
706 490 923 585 indulgentiis
945 492 1253 586 rariaspluresque
1268 491 1453 578 Orationes,
1470 511 1503 568 ac

277 609 332 702 pia
357 606 466 700 Opera
491 606 621 679 Summi
646 604 786 677 Romani
813 605 990 678 Pontifices
1015 603 1121 680 ditare
1146 605 1416 698 omnitempore
1441 613 1503 690 stu·

277 719 432 793 duerunt.
450 715 518 792 Sed
535 712 716 810 aliquando
729 717 832 792 immo
850 718 949 791 eliam
966 734 1068 811 saepe
1086 717 1220 790 evenire
1236 718 1330 803 solet,
1348 725 1387 790 ut
1400 720 1503 792 ludul-

276 831 406 925 genllae
431 830 534 924 ipsae,
561 847 710 922 querum
726 848 805 903 esus
824 829 1018 903 Christiano
1034 829 1163 923 populu
1180 829 1333 902 maxime
1350 835 1400 905 est
1415 835 1500 904 solu-

278 945 363 1018 toris
387 963 456 1017 non
481 944 650 1018 lucrentur
675 944 728 1016 vel
745 945 824 1036 quia
840 963 956 1018 earum
973 943 1209 1017 concessiones
1227 943 1441 1035 ignorantur,
1457 946 1503 1016 rel

276 1057 354 1150 quia
379 1056 423 1129 ad
448 1074 504 1130 ees
531 1056 751 1148 acquirendas
777 1075 864 1148 quaa
889 1055 1175 1129 indiscriminatim
1194 1055 1228 1128 in
1245 1057 1414 1128 nonnullis
1433 1076 1505 1150 opn-

277 1169 389 1254 sculls‚
416 1174 472 1241 aut
497 1168 670 1261 impressis
695 1161 781 1241 loliis
806 1169 1020 1263 reperiuntur
1037 1186 1100 1241 nec
1116 1167 1266 1259 singulae
1283 1185 1347 1241 nec
1363 1168 1506 1262 integrae

276 1282 500 1376 praescriptae
525 1281 730 1354 conditiones
748 1281 968 1356 declarantur.
986 1281 1213 1368 Quamobrem
1228 1288 1456 1374 opportunum
1473 1301 1506 1354 ac

276 1395 505 1468 necessarium
528 1394 726 1486 iamdudum
752 1393 938 1480 uidebatur,
962 1401 1000 1468 ut
1026 1393 1292 1487 quamplurimae
1317 1393 1504 1479 Orationes,

277 1526 341 1582 nec
366 1526 433 1580 non
459 1507 515 1598 pia
540 1524 651 1599 opere,
678 1507 856 1599 praecipue
873 1507 927 1578 illa
944 1507 1067 1598 quibus
1085 1525 1129 1578 ex
1145 1507 1356 1598 generalibus
1374 1526 1505 1582 conces·

278 1619 429 1693 sionibus
443 1619 659 1692 Summarum
672 1617 871 1691 Pontificum
884 1618 1112 1710 indulgentiae
1125 1625 1206 1690 sunt
1219 1617 1370 1692 adnexae
1384 1639 1429 1694 ex
1444 1621 1506 1694 suis

278 1731 445 1824 germanis
470 1730 618 1803 lontibus
643 1729 784 1804 fideliler
809 1731 938 1814 hausta,
966 1737 1067 1822 alque
1085 1729 1202 1802 ordine
1219 1730 1346 1821 digesta
1364 1738 1398 1804 el
1414 1733 1508 1806 simul

277 1845 413 1918 collecta
437 1843 471 1914 io
499 1845 620 1934 uulgus
645 1842 834 1916 ederentur.
861 1843 899 1915 ld
924 1843 1017 1934 quod
1043 1849 1114 1915 eral
1129 1843 1164 1914 in
1181 1845 1265 1916 volis
1282 1845 1508 1936 superioribus

273 1957 373 2029 annis
398 1955 537 2047 perfecit
561 1955 642 2028 aller
668 1973 711 2028 ex
736 1955 787 2040 iia,
815 1956 872 2047 qui
890 1976 908 2027 a
926 1955 1095 2028 Consullis
1112 1962 1192 2028 sunl
1207 1957 1384 2048 praeelecti
1411 1959 1507 2050 buius

277 2070 350 2142 Sec.
376 2067 648 2160 congregacionis
671 2067 898 2160 indulgentiis,
917 2068 1096 2159 sacrisque
1111 2068 1272 2159 Reliquiis
1289 2073 1506 2162 praepositae.

276 2180 465 2254 Praedictas
491 2180 580 2253 enim
606 2179 789 2263 Oreticum,
816 2197 854 2252 ac
871 2181 925 2272 pia
943 2198 1044 2273 opere
1061 2181 1095 2252 in
1112 2198 1219 2252 unurn
1236 2181 1395 2254 uolumen
1413 2201 1505 2256 accu-

276 2299 347 2367 rate
371 2291 433 2366 sed
457 2311 525 2364 non
541 2292 606 2366 leri
623 2292 736 2366 labore
753 2291 889 2383 redegit,
908 2293 1074 2384 injunctas
1092 2291 1317 2366 condictiones
1340 2312 1403 2386 pru
1430 2295 1507 2388 ipsis

275 2404 491 2497 indulgentiis
517 2403 736 2496 assequendis
762 2404 952 2496 singillatim
978 2403 1151 2496 exposuit,
1176 2405 1344 2496 typisque,
1366 2408 1506 2500 septime
1562 2445 1563 2450 Ν

275 2519 346 2592 uice
361 2518 537 2609 evulgavit,
555 2522 723 2588 annuente
736 2516 808 2608 ipsa
822 2517 894 2587 Sec.
910 2515 1174 2608 congregatione
1191 2535 1251 2608 per
1264 2515 1438 2592 decretum
1455 2519 1506 2592 da·

275 2638 345 2704 lum
368 2629 483 2722 pridie
510 2629 579 2702 bel.
606 2629 693 2701 Maii
718 2629 804 2700 enei
832 2629 1005 2701 millesimi
1045 2628 1312 2720 octingentesimi
1343 2631 1505 2723 trigesimi
1562 2691 1563 2726 ζ

271 2760 390 2834 preme.
1014 2794 1017 2803 .

348 2852 433 2925 Cum
459 2871 539 2926 varo
564 2852 653 2927 idem
678 2853 802 2926 Auctor
821 2855 988 2926 Ociooom
1006 2853 1199 2945 buimmodi
1216 2854 1424 2931 collectionis
1439 2859 1505 2929 llo·

275 2983 419 3039 monem
446 2964 627 3039 editionem
661 2967 773 3058 magis
806 2970 946 3039 euclem
971 2965 1072 3039 ruodo
1102 2966 1293 3060 imprimere
1324 2967 1503 3050 studuerit,

273 3077 399 3151 Eadem
426 3077 499 3150 Sec.
526 3077 745 3169 congregacio
771 3077 1022 3170 praelaudatum
1048 3078 1141 3170 Opus
1167 3076 1384 3152 hauddubie
1408 3098 1503 3173 peru-

274 3191 330 3263 tile
362 3189 481 3264 iierum
515 3191 651 3283 probat,
678 3208 716 3262 ac
741 3191 789 3264 uti
815 3191 1043 3264 authenticum
1068 3190 1231 3284 publicari
1257 3211 1357 3284 posse
1384 3199 1502 3266 censet.

273 3305 386 3378 Mouet
415 3308 544 3386 mmen,
571 3300 663 3394 qnod
688 3301 717 3373 si
742 3302 776 3373 in
803 3320 1017 3394 quacumque
1042 3300 1194 3394 ejusdem
1228 3304 1338 3395 operis
1364 3305 1502 3378 odilione

273 3433 335 3488 seu
359 3415 514 3488 versione
539 3415 783 3506 cujuscumque
808 3414 973 3487 idiomatis
999 3422 1066 3487 tam
1091 3415 1125 3487 in
1152 3415 1257 3499 Urbe,
1284 3434 1387 3507 quam
1413 3423 1501 3489 entra

273 3531 424 3610 exarata,
452 3527 508 3600 ‘rel
544 3545 632 3618 quae
668 3527 797 3600 exarari
824 3528 1010 3619 contingat,
1036 3526 1176 3600 dubium
1204 3526 1339 3618 aliquod
1365 3527 1502 3601 subinde

272 3638 455 3724 emerserit,
482 3639 553 3712 sive
578 3638 689 3731 quoad
707 3639 989 3731 indulgentiarum
1024 3641 1270 3722 concessiones,
1297 3641 1369 3712 siue
1394 3637 1497 3734 quoad

272 3753 492 3845 praescriptas
518 3750 744 3825 condictiones
771 3752 1018 3846 adimplendas,
1037 3750 1086 3825 od
1097 3756 1310 3844 postremum
1328 3751 1418 3826 benc
1435 3751 1497 3824 ccli·

273 3866 400 3938 lienem
426 3865 513 3957 typis
529 3863 707 3938 Michaelis
729 3865 1034 3958 Parme-Saluium
1052 3865 1212 3957 gnaviter
1229 3883 1391 3938 excusum
1416 3870 1447 3939 ct
1466 3864 1500 3935 in

272 3977 377 4070 ipsius
403 3978 480 4050 Soc.
509 3978 789 4070 congregationis
816 3979 1009 4052 secretorio
1034 3981 1248 4050 ossmuoiom
1272 3995 1428 4050 recurres
1444 3975 1497 4048 iu·

273 4091 405 4172 beatur,
432 4108 471 4163 ac
495 4097 665 4182 praeterea
691 4109 851 4182 praeseus
876 4091 1053 4164 Decretum
1071 4096 1109 4162 ul
1125 4089 1283 4162 omnibus
1300 4087 1496 4162 Chrislilide·

271 4203 360 4275 libus
384 4202 518 4296 patefiat
543 4204 631 4296 typis
658 4204 780 4296 pariter
806 4212 876 4277 lum
903 4205 991 4288 llala,
1018 4209 1089 4276 ium
1108 4202 1221 4275 Latina
1240 4201 1351 4292 lingua
1369 4201 1496 4294 impres·

272 4333 347 4388 sum
374 4314 416 4388 ad
441 4316 566 4388 calcem
591 4323 793 4392 memoratae
818 4316 972 4391 editionis
1006 4315 1128 4410 apponi
1155 4312 1292 4389 mandat
1318 4320 1418 4408 atque
1443 4310 1492 4384 dc·
