3120 4924
782 358 837 376 --
866 325 934 392 dat
951 357 1010 378 .-

287 479 440 538 madesco
466 483 491 536 a
515 461 698 538 Benedicta
731 459 822 534 arn
851 459 1115 536 cathedralibus
1147 479 1251 560 astaol
1277 464 1381 544 ilai,
1406 467 1500 540 etati

284 575 503 668 Paracltolis
528 577 638 650 altero
663 575 779 650 altari
798 573 1021 667 primdoioto
1046 575 1165 668 maore
1199 575 1415 650 concessionis
1440 576 1502 652 Cle-

278 690 406 762 anans
430 690 498 762 PP.
525 689 616 760 Xlll
624 691 641 758 l

357 799 591 894 despondetur
616 799 660 873 ad
687 805 749 872 Em
776 799 984 892 :Negotium
1009 797 1141 872 Etenim
1157 799 1367 892 privilegium
1382 818 1503 876 conca

284 930 361 986 sum
391 933 412 985 a
443 912 497 986 iel.
531 911 659 986 record.
693 911 854 1003 Gregorio
886 911 949 983 XV
980 910 1083 987 Alteri
1112 912 1311 986 Sanctorum
1342 913 1504 990 Felicis-et

282 1025 465 1100 Fortunati·
478 1043 677 1100 cancassum
706 1023 768 1098 tuit
792 1022 961 1098 Ecclesiae
991 1024 1040 1096 uti
1069 1021 1272 1110 cathedrali,
1306 1027 1400 1118 quod
1429 1028 1505 1102 clare

282 1144 412 1212 consta
437 1156 481 1212 ex
505 1139 569 1212 iliis
595 1137 706 1213 vernis
732 1136 897 1212 enunciati
923 1136 1038 1212 Breuis
1062 1163 1075 1198 ι
1098 1137 1247 1212 Volentes
1271 1137 1380 1230 iader
1403 1140 1505 1212 Eccle-

281 1251 371 1324 aare
399 1250 640 1325 cathedralem
659 1249 870 1326 Glodieresem
886 1279 921 1322 ι.
938 1247 1129 1324 accedente
1149 1248 1271 1324 deinde
1295 1248 1506 1326 declaratione

280 1382 352 1438 san.
379 1382 480 1438 mem.
507 1363 690 1438 innocentii
714 1364 777 1447 xi,
813 1361 906 1455 quod
937 1362 1149 1455 prindegium
1179 1362 1301 1436 attans
1334 1363 1507 1456 quotidiani

280 1475 481 1568 suffragetur
506 1476 608 1550 etiam
633 1476 667 1548 in
693 1474 814 1550 debus
839 1473 1026 1569 impeditis,
1059 1473 1151 1548 idem
1181 1473 1293 1550 alara
1318 1477 1507 1552 Sanctorum

279 1587 397 1662 Felicis
423 1594 457 1662 et
481 1587 652 1662 Fortunati
677 1587 800 1679 gaudet
824 1587 997 1680 privilegio
1022 1587 1058 1662 in
1085 1587 1279 1681 hujusmodi
1305 1587 1438 1664 diebus.
1462 1589 1508 1662 Vi·

278 1718 360 1793 gone
385 1700 602 1793 postmodum
626 1700 748 1774 indulti
773 1699 943 1774 Benedicti
967 1701 1043 1776 Xlll
1065 1699 1156 1774 idern
1180 1699 1293 1776 altare
1318 1703 1509 1778 Sanctarum

279 1813 397 1888 Felicis
422 1819 456 1887 et
480 1813 661 1898 Fortunati,
687 1813 722 1886 in
748 1831 817 1906 quo
833 1832 894 1906 pro
910 1813 991 1888 solis
1008 1813 1183 1887 dumtaxat
1203 1811 1385 1890 duodecim
1402 1817 1508 1890 Sacer·

279 1924 414 2000 dotibus
440 1925 593 2018 ejusdem
625 1924 831 2001 cathedralis
863 1925 1032 2000 Ecclesiae
1062 1925 1274 2019 privilegium
1303 1926 1509 2020 dsaignatum

279 2036 398 2123 tuerat,
424 2039 547 2131 gaudet
572 2039 770 2114 extensione
795 2037 838 2112 ad
862 2056 1096 2131 quoscumque
1121 2038 1203 2112 alios
1226 2040 1429 2116 Sacerdotes
1448 2042 1510 2116 site

280 2153 478 2228 Saeculares
502 2159 537 2226 et
561 2152 753 2246 Regulares.
810 2199 811 2204 κ

350 2264 409 2338 Ad
429 2269 492 2340 2¹¹¹
517 2266 643 2340 Pariter
670 2294 683 2328 ι
707 2264 876 2359 Neratiae,
893 2281 972 2338 cum
989 2282 1033 2340 ex
1049 2263 1146 2338 dictis
1162 2265 1310 2340 Ecclesia
1329 2267 1380 2342 uti
1398 2267 1509 2342 Cathe-

277 2377 379 2454 dralis
403 2377 546 2471 gaudeat
570 2378 742 2472 privilegio
768 2377 962 2472 quotidiano
986 2383 1149 2474 perpetuo
1174 2379 1208 2454 iu
1234 2380 1388 2474 praelato
1418 2381 1510 2456 attari

276 2491 476 2564 Sanctorum
501 2491 619 2566 Felicis
644 2499 678 2564 et
702 2491 873 2566 Eortunati
899 2521 933 2564 ι.
1390 2565 1392 2575 ¹

349 2601 405 2676 Ad
431 2609 494 2676 sm
517 2631 531 2666 ι
555 2601 762 2677 affirmative
785 2633 799 2668 »
824 2601 987 2688 videlicet,
1013 2603 1215 2696 quodjnuta
1233 2604 1421 2684 Decretum
1437 2608 1512 2680 San·

276 2715 416 2790 dissimi
442 2715 573 2789 Domini
599 2715 710 2790 Nostri
739 2715 920 2791 Clementis
952 2716 1014 2790 PP.
1041 2717 1116 2790 iiiii
1148 2717 1266 2792 eadem
1291 2719 1450 2796 Ecclesia
1473 2719 1516 2794 uti

276 2827 477 2901 Parochiatis
502 2828 608 2920 possit
633 2828 779 2921 gaudere
803 2827 977 2922 privilegio
1003 2828 1195 2921 quotidiana
1220 2829 1264 2904 ad
1288 2831 1387 2908 aliud
1409 2832 1514 2907 Altam

276 2941 318 3014 ab
343 2939 510 3034 Episcopo
535 2942 642 3016 semei
664 2948 794 3017 tautum
812 2940 1068 3033 designandum,
1085 2960 1155 3016 nou
1171 2944 1436 3038 inperpetuum
1460 2945 1515 3020 sed

275 3052 320 3126 ad
335 3053 570 3146 septemnium,
597 3054 640 3127 ad
664 3053 805 3128 iormam
830 3055 971 3128 Decreti.
992 3054 1114 3134 Datum
1131 3073 1175 3129 ex
1192 3057 1384 3134 secretaria
1400 3061 1516 3135 Sacrae

275 3165 548 3260 congregationis
572 3166 858 3260 indulgentiarum
884 3165 939 3242 die
967 3172 1010 3240 tt
1037 3168 1235 3242 Novembris
1262 3173 1378 3247 tica.

852 3319 859 3336 ·
991 3282 1024 3354 S.
1051 3281 1184 3374 Boeoto
1210 3283 1337 3358 secret.

832 3475 954 3551 CCXC.

722 3604 924 3680 Beatissimo
949 3603 1066 3678 Padre

345 3729 366 3800 1
390 3727 563 3802 Cocalled
587 3729 786 3806 Pollastroa
811 3749 829 3804 e
853 3731 987 3822 Boeoto
1021 3729 1184 3824 wollent
1209 3730 1296 3806 delle
1324 3733 1401 3809 dae
1428 3737 1518 3810 Noni

272 3839 320 3913 do
337 3859 465 3932 cnara
483 3839 576 3914 dello
593 3842 731 3915 Santttd
753 3843 871 3916 Vostra
887 3844 1084 3916 amilmonta
1101 3861 1307 3936 esponoono,
1335 3865 1441 3924 came
1458 3848 1518 3922 du·

269 3957 370 4026 rante
396 3953 433 4028 la
456 3954 685 4046 anolaoztoae
709 3956 915 4048 rimaaaoao
937 3956 1033 4048 prtoe'
1057 3956 1087 4028 st
1111 3957 1174 4030 esst
1194 3958 1516 4036 commanente

269 4064 319 4158 qli
344 4065 428 4139 altri
451 4065 631 4160 impieoad
648 4069 685 4142 al
700 4068 843 4142 santrio
865 4065 952 4140 delle
976 4068 1081 4150 Naot',
1101 4065 1188 4142 delle
1213 4067 1440 4164 ladnlqeaze
1459 4073 1518 4148 ade

264 4178 470 4271 patronoue
496 4181 692 4274 comeaulre
716 4181 810 4254 aella
834 4180 936 4254 natta
962 4179 1049 4254 delle
1084 4179 1229 4270 Clieso5
1261 4183 1357 4258 cade
1384 4187 1519 4283 suppti-

271 4305 360 4364 coao
385 4289 423 4366 lo
450 4291 588 4369 Saatt'td
618 4294 778 4370 Vestrae
795 4292 957 4388 manarat
981 4293 1163 4372 concedere
1187 4296 1262 4372 loro
1288 4301 1454 4388 oaclclee
1469 4304 1523 4375 la-
