3214 4928
623 393 819 460 ...pp-

106 525 223 597 sarium
252 523 380 616 eligere
405 525 545 616 possint,
573 543 633 617 per
650 544 752 618 quem
770 527 1019 598 absolvantnre
1040 527 1217 599 reservatis
1234 525 1334 599 etiarn

105 640 270 710 Locorum
297 635 493 722 ordinariis,
520 645 553 711 et
578 637 786 731 spostolicae
812 637 919 723 Sedis,
946 639 1095 731 exceptis
1120 640 1171 724 iis,
1197 657 1283 731 quae
1301 639 1336 710 in

103 751 189 824 Bulla
214 749 357 824 coenae
373 751 605 841 continentur;
622 751 750 828 eisdem
767 771 885 826 rursus
902 758 938 840 et
952 751 1023 826 aliis
1039 751 1214 844 utrimque
1231 769 1335 825 sexus

101 860 385 936 cnnsuudsiinus
410 868 461 940 ter
486 862 521 936 in
550 864 700 956 singulos
732 881 838 938 anuos
871 864 1036 937 concessit
1068 865 1102 938 in
1135 865 1335 958 perpetuum

101 973 347 1066 indulgentiam
373 974 569 1059 Plenariam.
596 977 803 1069 plenumque
820 976 1025 1066 tubiiaeum3
1043 983 1080 1050 ut
1096 975 1194 1054 lulius
1211 977 1244 1050 in
1262 977 1336 1067 ejus

100 1087 192 1160 Brevi
218 1083 302 1162 dato
327 1087 427 1162 nonis
453 1088 596 1180 Augusti
624 1093 729 1173 tici.
756 1090 852 1181 cujus
877 1090 980 1162 rerba
1002 1088 1192 1182 referuntur
1207 1089 1242 1164 in
1258 1087 1336 1162 lolio

98 1217 154 1290 per
177 1215 308 1272 munus
333 1199 486 1274 omniunt
509 1200 624 1274 misso.

165 1310 257 1384 itinn
284 1316 358 1384 orta
384 1318 465 1386 sunt
489 1310 591 1388 dubia
617 1313 769 1405 quinque
795 1315 830 1389 in
856 1313 1119 1407 congregatione
1148 1311 1311 1387 discussa.

166 1429 234 1499 idn
261 1425 319 1496 An
343 1423 402 1498 itte
428 1425 611 1517 Presbyter
635 1427 691 1509 sit,
722 1431 898 1521 oportent,
924 1427 1136 1522 opprolrntns
1165 1426 1209 1500 ult
1237 1424 1336 1499 Ordi-

103 1537 198 1612 sur'o
218 1555 268 1612 ex
280 1538 498 1630 praescripto
517 1539 640 1632 cupitis
655 1545 700 1613 rs
717 1541 872 1614 sessionis
889 1545 935 1612 23
960 1540 1102 1614 Consilii
1127 1537 1336 1612 Tridentini?

170 1655 241 1724 ΞΡ
268 1651 325 1724 An
348 1650 393 1724 sit
416 1657 580 1728 reooccto
605 1671 648 1728 eo
672 1652 822 1746 toccttm
846 1651 1046 1727 absoluendi
1073 1652 1258 1736 censibus,
1277 1652 1337 1746 ptri

99 1765 279 1840 iocorum
306 1762 503 1840 ordinariis
526 1770 703 1842 resercotu
727 1771 829 1840 sonti

171 1882 241 1950 35¹¹
271 1875 327 1950 An
351 1877 421 1952 sint
445 1880 577 1972 eccepti
602 1898 701 1954 cnsns
726 1880 941 1973 spostolicae
960 1879 1039 1954 Sedi
1055 1877 1231 1960 resecati,
1254 1895 1338 1970 onos

99 1991 252 2064 (cuneis
285 1988 365 2062 titt
386 1993 552 2066 recensuit
577 1992 613 2066 in
638 2011 703 2064 son
730 1991 974 2064 corstitutione
1002 1997 1097 2062 lidi

172 2109 238 2176 idn
265 2101 357 2185 Quid
368 2103 772 2196 nomincptcnitotritoei
784 2105 1119 2196 PinstVintcttipot‚
1128 2103 1335 2196 praescnnt

95 2222 194 2298 sero,
221 2231 275 2288 on
299 2211 335 2286 tsi
368 2232 501 2306 quoqne
528 2217 661 2308 possint
688 2215 939 2309 confessarium
971 2218 1095 2309 eligere
1124 2217 1176 2289 nti
1203 2215 1342 2307 dnicae,

95 2335 143 2402 cst
168 2328 232 2422 poi
261 2325 546 2421 Conpoternitoti
569 2347 640 2402 non
664 2335 744 2402 sont
767 2328 955 2422 adscripti?

169 2445 238 2513 sil
264 2439 320 2512 dn
342 2441 456 2514 ociori
480 2439 601 2516 debent
636 2439 832 2534 confratres
863 2441 953 2516 donc
986 2439 1243 2533 indntpcntiorn
1271 2439 1332 2510 sod

94 2555 236 2628 monne
261 2551 355 2644 pieni
381 2553 530 2628 tntitoei
550 2556 789 2648 promntpure,
815 2555 845 2626 si
868 2553 1018 2652 sancitos
1035 2550 1182 2646 stipendi
1197 2549 1332 2644 contis·

95 2669 232 2742 surium
253 2668 552 2758 noreiensis,
586 2667 742 2740 omnibns
767 2668 958 2759 generatim
987 2666 1075 2739 dato
1103 2682 1174 2738 non
1198 2667 1262 2746 est,
1291 2679 1335 2736 ne

98 2779 320 2872 mentor
345 2775 495 2852 Fideles:
521 2799 570 2852 on
594 2798 675 2852 nero
702 2779 776 2852 otio
801 2778 1027 2852 commodiori
1051 2779 1111 2851 oio
1133 2775 1254 2854 debent
1270 2794 1333 2870 pe·

98 2894 251 2966 nmium
277 2889 483 2982 deceptionis
508 2891 702 2966 declinarit

173 3003 229 3077 Ad
254 3003 319 3078 tria
342 3004 455 3096 priore
478 3003 580 3080 dubia
605 3005 679 3078 Sao.
712 3004 930 3096 congregotio
963 3004 1136 3098 respondit
1165 3042 1211 3058 --
1237 3001 1335 3076 affir-

101 3117 239 3192 nonve.

174 3227 231 3302 lid
258 3233 321 3300 iifl
337 3227 480 3302 Nomine
496 3229 586 3322 pieni
603 3229 742 3303 tubilaei
758 3247 827 3301 non
844 3229 1005 3302 contineri
1022 3227 1210 3300 laenitatem
1231 3225 1333 3297 uitanr

100 3339 299 3416 amoivendi
324 3359 343 3412 a
368 3343 555 3426 reservatis,
582 3361 693 3434 neque
717 3359 819 3436 posse
846 3343 888 3415 nir
913 3343 967 3414 iris
997 3341 1135 3425 absolvi,
1163 3338 1222 3431 qui
1247 3337 1332 3409 con-

99 3453 295 3530 truternitett
321 3469 389 3529 nou
413 3461 494 3528 sunt
518 3453 684 3547 adscripti.
936 3463 937 3468 ‘

173 3567 228 3642 sd
256 3571 319 3638 tim
343 3567 436 3640 Hsnc
460 3565 704 3658 Indulgendum
736 3565 969 3658 inposterum
994 3566 1131 3640 nomine
1162 3560 1332 3638 Plennrtae

100 3679 341 3771 indulgentiae,
359 3697 428 3752 non
444 3678 534 3770 pieni
546 3678 687 3752 tuhiiaei
699 3678 977 3771 promulgandam
990 3697 1078 3763 asse,
1092 3695 1131 3749 ac
1143 3672 1332 3750 monendos

101 3792 268 3868 occides
293 3790 589 3876 coutratemitatis
605 3789 810 3884 praedictam
834 3789 1024 3866 facultatem
1041 3809 1060 3862 a
1077 3787 1255 3864 reservatis
1272 3787 1331 3860 ab·

101 3903 253 3980 soireudi
285 3903 396 3995 ecqua
429 3921 474 3976 es
505 3909 599 3995 parte
631 3909 819 3976 revocatam
849 3905 953 3978 luisse
977 3921 1039 3997 per
1071 3901 1333 3975 constitutiones

102 4017 320 4110 spostolicae,
346 4021 382 4090 et
405 4013 595 4107 spostolus
610 4015 767 4105 Decreta3
784 4015 944 4110 idemque
966 4012 1223 4108 significandum
1240 4009 1332 4084 Emi·

101 4129 307 4204 senissimis
332 4127 401 4204 itii.
427 4127 558 4202 vicario
583 4135 617 4200 et
641 4129 840 4213 Procoeton,
865 4133 904 4202 nt
935 4145 1008 4200 rcrn
1040 4129 1129 4199 trano
1153 4122 1333 4218 prudentis

102 4259 162 4318 sna
185 4239 416 4320 moderentur
441 4240 562 4316 ilatum
587 4239 642 4314 die
669 4245 710 4312 si
741 4239 886 4314 tannarii
913 4243 1021 4312 inis.

701 4351 850 4428 Micioni
874 4353 1024 4446 Angelos
1047 4349 1183 4427 iticeins
1209 4349 1334 4424 Senot
