3270 4920
284 317 353 402 lae

250 465 416 528 Solvuntur
428 464 522 527 dubia
537 465 615 528 cirea
631 462 806 546 qualitatem
822 464 932 528 aluric
1000 505 1009 526 .
1092 510 1099 525 .
1181 511 1188 526 .
1269 485 1287 526 ιι
1330 468 1388 529 too
1429 469 1498 530 eoo

250 547 403 624 Quaenam
424 546 486 608 sint
499 541 649 608 Ecclesiae
671 546 702 607 in
723 545 835 626 qulbus
856 543 1019 626 Episcopus
1040 539 1200 626 designare
1220 564 1289 628 pos-

310 626 727 708 sitrlltarepriailegiatum?
1272 647 1288 684 ιι
1332 628 1385 688 tot
1428 629 1497 690 247

250 708 295 768 Dc
316 704 507 768 concessione
529 706 640 769 Altaria
660 705 841 786 privilegiati
864 703 895 766 in
916 703 1045 786 cingulis
1075 705 1216 768 Eccleaiis
1237 705 1288 768 dic

311 787 607 850 Commemorationis
628 787 763 847 omnium
783 785 922 847 fidelium
947 786 1160 848 defunctorum
1270 809 1287 846 ι
1331 788 1387 849 tot
1428 789 1498 850 250

250 867 296 930 De
316 867 511 930 concessione
531 867 640 948 privile
664 867 684 927 ii
705 865 822 946 quotid.
843 875 959 946 perpet.
990 866 1023 926 in
1051 866 1179 946 singulis
1208 867 1292 929 alta·

312 947 398 1009 ribus
419 947 571 1010 Ecclesiae
592 956 624 1007 ct
642 885 773 1008 bacterii
794 943 1147 1009 Archiconiratcrnitatis
1167 944 1206 1008 de
1221 945 1290 1008 Sui-

310 1027 407 1108 t’ragio
428 1028 467 1091 de
489 1026 569 1090 Urbe
1270 1047 1287 1084 ιι
1329 1026 1388 1087 900
1427 1029 1496 1090 988

250 1109 472 1188 Responsiones
493 1108 530 1168 ad
550 1105 643 1168 dubia
668 1106 746 1169 circa
766 1105 961 1188 privilegium
985 1106 1096 1170 Altaria
1116 1105 1288 1169 sodalitatis

310 1189 392 1251 SSriai
414 1189 533 1251 llosarii
1268 1205 1285 1246 ιι
1328 1183 1386 1250 906
1425 1188 1491 1248 966

250 1267 296 1330 An
317 1269 528 1349 indulgentiae
549 1266 662 1331 Altaria
673 1267 774 1348 privil.
791 1265 910 1330 adnecti
925 1267 1041 1348 possint
1053 1265 1207 1330 olitoribus
1219 1285 1292 1346 por-

312 1348 462 1411 tatilibusl
1270 1367 1288 1406 ιι
1330 1347 1387 1408 907
1428 1347 1495 1408 967

248 1432 322 1492 Cum
337 1430 368 1489 in
383 1430 484 1509 aliqua
497 1428 636 1490 Dioecesi
658 1429 820 1507 pleraeque
841 1427 993 1489 Ecclesiae
1007 1425 1197 1508 parochiales
1221 1427 1288 1488 uni·

311 1518 357 1604 tae
369 1511 441 1584 sint,
456 1509 494 1570 an
512 1509 705 1588 privilegium
715 1508 909 1603 ‘intelligatur
923 1509 955 1569 in
969 1508 1110 1588 singulis,
1123 1508 1186 1568 siva
1208 1506 1239 1566 ia
1253 1507 1290 1568 iis
1410 1587 1417 1600 Ι
1443 1586 1450 1598 ·

177 1637 179 1642 ’
250 1672 295 1733 ιι
309 1588 469 1732 labili}
482 1591 587 1744 iili?
597 1587 902 1730 ululatatus
914 1587 1205 1746 ltclltilttll‘l
1220 1608 1292 1728 ari
1320 1585 1379 1648 ²⁰⁸
1408 1585 1492 1648 '¹³¹⁶'

309 1768 361 1812 sae
382 1749 593 1812 detunctorum
615 1747 826 1829 prohibentur,
837 1747 980 1828 applicari
994 1749 1090 1828 possit
1104 1747 1214 1810 Altaria
1228 1747 1292 1826 pri·

308 1829 466 1908 vilegium?
558 1869 1183 1890 ........
1223 1850 1234 1892 ⁴¹
1265 1847 1283 1886 ιι
1313 1825 1388 1888 ibid.
1410 1823 1493 1888 ibid.

248 1911 293 1972 Dc
315 1910 509 1986 concessione
524 1908 678 1989 privilegii
692 1907 810 1987 quotid.
835 1919 951 1988 perpet.
977 1909 1009 1970 in
1030 1907 1158 1987 singulis
1178 1905 1290 1970 Altari-

308 1988 366 2051 bus
388 1989 540 2051 Ecclesiae
568 1987 914 2051 Archieonlraternitatis
941 1992 971 2052 S.
999 1989 1110 2051 blaciae
1137 1987 1290 2049 Orationis

309 2081 340 2131 ct
361 2071 466 2132 ldortis
488 2069 527 2130 de
549 2069 641 2146 Urbe,
663 2088 697 2130 ac
719 2069 749 2130 in
771 2067 924 2130 Altarlbus
951 2067 1085 2131 Oratorii
1113 2075 1146 2128 ct
1164 2071 1290 2130 coemo·

310 2149 378 2212 terii
400 2149 536 2230 ejusdcm
574 2144 579 2154 '
1267 2167 1285 2206 ιι
1326 2147 1386 2208 919
1426 2143 1492 2206 ato

248 2231 294 2291 De
315 2231 509 2292 concessione
528 2227 601 2291 dicti
616 2228 767 2322 privilegii
782 2241 838 2306 pro
852 2227 1005 2308 aliquibus
1019 2227 1119 2290 iliaris
1133 2224 1289 2288 celebran-

308 2309 387 2372 disa
404 2311 594 2392 presbyteris
608 2311 677 2390 piae
691 2309 847 2387 cujusdam
868 2308 993 2371 Unionia
1015 2309 1047 2370 in
1068 2307 1204 2370 Dioccesi
1225 2309 1289 2368 lle-

308 2389 440 2451 choacan
550 2427 918 2454 .....
938 2427 940 2430 -
1001 2429 1009 2448 .
1091 2433 1099 2448 .
1180 2429 1189 2450 .
1271 2406 1288 2446 ιι
1330 2385 1388 2448 Ele
1430 2383 1493 2460 27⁶

247 2469 292 2532 Ee
313 2469 418 2533 eadem
439 2471 633 2532 concessione
644 2476 698 2551 pro
710 2467 869 2532 Sodalibus
880 2467 1033 2530 desanaus
1047 2465 1114 2550 piae
1129 2465 1288 2546 calamam

307 2551 433 2613 Unionls
455 2549 749 2646 Presbptcmrumin
763 2549 887 2610 civitate
902 2548 1086 2610 comaclensi
1180 2591 1188 2610 .
1269 2567 1287 2606 ιι
1328 2547 1389 2608 atu
1429 2543 1491 2606 mo

246 2629 412 2694 &luuntur
427 2630 518 2693 dubia
534 2651 613 2694 circa
638 2631 832 2710 privilegiam
855 2629 976 2704 Altaria,
998 2639 1031 2690 et
1050 2628 1229 2708 praesertim
1250 2645 1289 2687 an

306 2710 439 2773 Ecclesia
454 2711 641 2774 cathedralis
657 2709 753 2792 pessit
768 2707 874 2771 eodem
891 2720 1025 2789 tempore
1040 2708 1174 2785 paudere
1196 2705 1290 2770 Alteri

307 2790 407 2868 privil.
429 2793 475 2853 uti
497 2791 693 2854 barachielis?
730 2836 738 2852 .
814 2834 821 2848 .
906 2831 915 2850 .
997 2829 1004 2849 .
1088 2827 1096 2848 .
1179 2829 1192 2846 ..
1271 2806 1290 2846 ιι
1331 2787 1391 2848 999
1431 2785 1493 2846 989

247 2869 444 2950 Privilegium
467 2890 522 2951 pro
548 2871 664 2944 Missis,
688 2887 764 2948 quas
787 2867 911 2930 sodales
940 2866 1291 2931 Archieoairaternitatie

308 2953 380 3013 lesu
401 2959 436 3045 ct
452 2953 564 3016 itariae
585 2951 624 3046 de
645 2948 726 3012 Urbe
741 2948 897 3012 celebrare
912 2949 1028 3010 iaciunt
1041 2965 1096 3028 pro
1111 2949 1171 3008 reis
1186 2946 1293 3008 altimo
1433 3025 1452 3044 '-

247 3109 293 3176 dn
308 3030 688 3190 bbibbblglbubbmdlicbbtur
709 3119 844 3189 ternpore
864 3107 1133 3202 Olliciiugeneralis
1147 3123 1215 3202 -pro
1237 3048 1291 3168 dc!
1332 3027 1392 3089 ΞΜ
1432 3026 1493 3088 ῦω

307 3189 418 3252 iunctis
440 3193 577 3271 exposito
597 3193 647 3254 SS.
669 3191 880 3266 Sacramenta,
901 3186 950 3250 vel
970 3207 1001 3250 ιιι
1021 3190 1119 3250 Fertis
1145 3196 1207 3248 rrtu
1232 3185 1292 3247 du·

307 3271 395 3348 plicis
416 3271 568 3349 gaudeant
588 3270 765 3364 privilegio?
820 3315 827 3328 .
910 3307 948 3329 .-
1001 3311 1009 3330 .
1092 3311 1100 3329 .
1182 3307 1189 3326 .
1271 3286 1289 3326 ιι
1332 3265 1392 3328 965
1432 3267 1492 3327 559

247 3351 408 3411 Concessio
423 3350 534 3412 altaris
550 3353 649 3432 privil.
666 3352 697 3411 in
714 3350 853 3430 cappella
870 3347 989 3428 publiea
1012 3349 1062 3410 SS.
1078 3345 1289 3428 Redemptorie
1344 3387 1347 3394 »

307 3429 338 3490 in
359 3431 864 3494 NosocamioClvitatiePassarien
906 3466 914 3488 0
997 3472 1005 3488 .
1090 3471 1097 3488 .
1179 3471 1187 3486 .
1270 3445 1288 3485 ιι
1330 3426 1391 3489 979
1430 3427 1490 3498 369

248 3511 295 3572 alu
316 3509 510 3572 cathedrales
525 3520 556 3571 et
576 3509 768 3573 parochiales
783 3509 899 3590 duplici
912 3507 1068 3589 gaudeant
1078 3507 1173 3571 Alteri
1188 3505 1291 3586 privil.

307 3605 369 3650 uno
393 3604 410 3651 a
434 3589 597 3652 Benedicta
618 3593 696 3652 Xlll.
719 3588 967 3665 cathedralibus,
992 3589 1088 3650 altero
1113 3607 1129 3648 ιι
1154 3587 1292 3650 Elemen-

309 3680 338 3730 ta
352 3671 420 3732 Xlll
441 3685 602 3746 concesso,
624 3670 676 3750 qui
697 3671 788 3732 ctiam
810 3669 965 3764 Episcopis
987 3667 1096 3730 tribuit
1116 3667 1291 3730 facultatem

310 3749 497 3820 concedendi
522 3751 624 3812 altare
646 3751 746 3828 privil.
762 3747 989 3812 parochialibus
1089 3789 1098 3812 .
1179 3784 1189 3812 a
1269 3767 1287 3805 ιι
1333 3745 1392 3809 bib
1433 3745 1492 3806 565

387 3828 476 3910 (vide
496 3829 585 3892 etiam
607 3827 768 3892 Decretum
791 3829 869 3906 579).

249 3909 412 3972 ῦοίιιιιιιΙο
435 3908 545 3972 altaris
575 3911 675 3989 privil.
698 3909 885 3971 inEcclesia
913 3907 1096 3971 Parochialis
1123 3905 1152 3969 S.
1179 3905 1291 3970 hieriae
1357 3911 1361 3920 '

308 3993 344 4060 da
366 3985 880 4067 Zlariununoupat.lnsalaatluri
895 3986 1230 4056 DioecesisSebenieen
1272 4005 1291 4048 ιι
1331 3987 1393 4050 aab
1432 3987 1492 4048 'dil

249 4067 295 4128 hu
315 4067 460 4130 Sacerdos
475 4071 528 4147 qui
543 4069 656 4147 gaudet
670 4069 832 4150 privilegio
847 4069 999 4148 personali
1015 4079 1047 4130 et
1056 4069 1096 4131 sit
1109 4075 1291 4149 aggregatus

309 4147 400 4208 alieal
421 4149 666 4228 Conprepatioui‚
688 4164 766 4227 quaa
782 4149 874 4210 ctiam
889 4149 970 4212 dicto
989 4149 1150 4229 priuilegio
1166 4147 1291 4228 gaudet.

313 4224 411 4302 possit
441 4226 499 4289 hoc
525 4227 586 4292 srui
618 4247 686 4289 cum
712 4228 835 4290 aliunde
853 4229 916 4310 lam
943 4227 1055 4292 babeat
1080 4241 1134 4309 por
1162 4238 1225 4290 tres
1243 4235 1297 4290 aul

309 4313 440 4387 quatuor
458 4307 543 4368 vices
565 4307 596 4368 iu
616 4306 824 4370 hebdomada?
908 4354 916 4370 .
1001 4353 1009 4369 .
1091 4353 1099 4368 .
1181 4351 1190 4372 .
1272 4327 1290 4370 ιι
1331 4300 1392 4370 tta
1431 4307 1490 4368 490
