3182 4922
594 348 811 414 -ell-

99 480 241 564 emunda,
267 497 453 572 numquam
479 479 666 566 doluerunt,
694 482 776 573 quin
801 481 911 564 certis,
929 483 1121 575 quibusque
1137 485 1228 572 locis,
1246 501 1315 562 cer·

99 593 143 676 tis,
167 593 356 686 quibusque
380 594 603 686 temporibus,
631 594 786 686 iniunctis
819 595 977 687 operibus
1009 598 1236 688 exequendis,
1262 601 1314 676 ln·

97 701 269 797 dulgentiaa
293 707 366 780 sire
391 707 557 791 Paublos,
583 707 655 780 sire
680 707 847 781 Plenarias
873 707 918 780 ad
942 707 1214 784 christifidelium
1245 715 1313 806 spi·

96 817 233 892 ritualcm
251 818 423 892 utilitatem
437 818 664 911 elargirentur,
678 823 829 911 atquent
848 817 892 894 de
907 819 1014 913 ipsius
1030 819 1312 914 indulgentiarum

95 921 230 1008 buturi
266 930 475 1024 plenitudiue
500 949 619 1006 omncs
652 933 849 1024 equiperent,
888 933 1002 1025 plmes
1035 951 1171 1026 quoque
1203 955 1314 1012 sacras

93 1061 210 1136 preces,
235 1063 275 1118 ac
300 1045 482 1137 pia-opera
505 1046 609 1119 sacris
635 1044 758 1138 pariter
774 1044 992 1137 indulgentiis
1008 1043 1103 1120 ditari
1121 1049 1214 1122 omni
1229 1056 1312 1124 tem·

91 1175 164 1248 pore
185 1158 397 1231 studuerunt.
423 1157 555 1231 Accidit
576 1165 699 1243 tamen,
726 1159 830 1232 immo
854 1173 1019 1251 persaepe
1057 1160 1192 1235 evenire
1216 1163 1311 1250 solet

91 1277 123 1344 ut
143 1272 233 1364 ipsae
256 1270 486 1364 indulgentiae
510 1291 579 1346 nun
605 1271 830 1366 acquirantur,
856 1271 909 1346 rel
935 1271 1015 1363 quia
1032 1289 1149 1346 eorum
1174 1287 1312 1349 conces-

91 1383 133 1455 sio
155 1384 335 1475 ignoratur,
361 1384 415 1456 rel
439 1384 518 1475 qula
542 1382 586 1456 ad
609 1382 786 1458 lucrandas
811 1401 887 1467 eas,
914 1401 1001 1475 quac
1025 1383 1312 1461 indiscriminatim

91 1493 120 1566 in
141 1497 309 1578 nonnullis
334 1495 597 1589 aposcolicam
622 1496 794 1590 impressis
819 1495 926 1580 loliis,
941 1496 1015 1568 sine
1038 1497 1140 1590 hujus
1170 1500 1204 1571 S:
1223 1499 1310 1573 Con·

91 1609 280 1699 gregationls
306 1608 545 1701 approbatione
569 1610 790 1701 reperiuntm‚
809 1627 872 1681 nec
888 1607 1048 1699 singulae,
1074 1627 1137 1682 nec
1161 1610 1311 1704 integrae

90 1719 288 1794 conditiones
314 1721 534 1794 declarantur

152 1833 379 1919 Quamobrem
404 1840 629 1927 opportunum
654 1853 692 1906 ac
717 1833 942 1907 necessarium
965 1834 1164 1927 jamdudum
1180 1836 1312 1910 rideba-

89 1948 144 2028 tur,
167 1951 205 2018 ut
229 1963 350 2038 preces
375 1946 477 2038 ipsae,
503 1963 567 2018 nec
590 1963 659 2019 non
684 1947 738 2039 pia
764 1963 876 2039 opera,
903 1947 1081 2039 praecipue
1104 1948 1169 2033 illa,
1187 1949 1311 2040 quibus

88 2071 126 2128 er
140 2057 352 2148 generalibus
368 2051 586 2132 Summarum
602 2058 798 2132 Pontificum
825 2058 1107 2142 concessionibus,
1133 2059 1311 2152 indulgen·

88 2167 143 2241 tiae
166 2176 247 2244 sunt
271 2167 434 2255 adnexae,
460 2189 504 2244 ex
528 2171 599 2244 suis
634 2171 800 2262 germanis
825 2170 972 2243 lontibus
1003 2169 1143 2243 fideliler
1172 2171 1312 2248 banstae

87 2285 116 2352 et
136 2281 235 2356 simul
251 2282 388 2354 collecta
404 2289 504 2374 atque
521 2283 638 2356 ordine
664 2283 791 2374 digesta
808 2282 842 2354 in
859 2282 980 2373 uulgus
1005 2281 1193 2356 ederentur.
1215 2285 1312 2370 Quod

88 2399 149 2464 crat
171 2394 206 2468 in
232 2395 331 2478 rotis,
357 2395 586 2486 superioribus
611 2396 706 2468 annis
739 2390 876 2488 perlecit
904 2394 1216 2468 Reuerendissimus
1248 2395 1311 2470 Ca·

84 2505 215 2582 mnicus
233 2504 458 2599 Telesphorus
475 2508 557 2580 Galli
574 2510 681 2581 clarae
697 2508 888 2592 memoriae,
907 2506 1071 2599 praelatae
1088 2509 1208 2580 Sacrae
1225 2507 1311 2582 Con·

84 2620 279 2710 gregalicnis
303 2619 489 2692 consultor.
516 2619 704 2694 Praedictas
729 2621 819 2692 enim
852 2637 981 2712 preces,
1008 2627 1041 2692 et
1065 2621 1119 2712 pia
1144 2639 1246 2714 opera
1274 2622 1311 2696 id

83 2745 180 2803 uuum
205 2731 367 2804 uolumen
384 2737 535 2806 accurate
552 2739 586 2805 et
601 2751 668 2806 nun
686 2733 752 2806 levi
766 2733 880 2805 labore
896 2732 1034 2824 redegit,
1053 2732 1217 2825 injunctas
1234 2752 1311 2808 cun-
1419 2716 1424 2732 ⁸

84 2838 217 2918 bibones
244 2861 308 2936 pro
332 2842 549 2946 indulgentiis
565 2845 785 2951 assequendis
805 2845 994 2936 singillatim
1020 2829 1195 2938 exposuit:
1209 2847 1312 2940 typre

84 2973 143 3043 que
166 2955 355 3028 undecies
347 2975 381 3027 ιιι
399 2957 462 3028 bac
486 2957 575 3029 Urbe
601 2957 775 3048 evulgavit.
802 2958 887 3030 dum
909 2976 988 3030 uero
1005 2959 1047 3030 ab
1073 2959 1311 3034 Ecclesiasticis

83 3067 153 3142 uiris
177 3069 401 3164 plurimisque
427 3069 703 3143 Cbristilidelibus
729 3071 849 3142 iterum
875 3075 992 3160 urgeat
1017 3070 1210 3161 hujusmodi
1235 3073 1311 3145 Gol-

82 3177 223 3254 leclionis
241 3181 431 3256 continuata
447 3183 569 3274 petitio,
588 3184 631 3256 ab
652 3181 949 3274 brobipresbylerc
974 3179 1098 3252 bloisio
1125 3183 1309 3255 Prinzivalli

82 3291 262 3369 substituto
288 3294 491 3367 Secretariae
508 3295 608 3385 bujus
633 3295 753 3367 Sacrae
771 3292 1053 3384 dangregatinnls‚
1074 3311 1164 3365 nunc
1190 3294 1310 3368 itemm

83 3419 120 3476 cr
143 3405 378 3500 typographia
402 3407 611 3480 Salvicniana
636 3407 670 3479 in
697 3408 805 3479 lucem
822 3405 940 3488 editur,
965 3423 1035 3478 non
1060 3403 1160 3478 medo
1178 3406 1220 3478 ab
1236 3406 1310 3498 ipso

81 3519 259 3610 recognita,
286 3517 349 3590 sed
372 3519 468 3590 novis
507 3518 786 3610 generalibusque
826 3516 1097 3590 concessionibus
1123 3537 1146 3590 c
1171 3519 1233 3590 Pio
1260 3519 1314 3591 IX

79 3628 236 3724 Pontifice
264 3631 400 3723 Optimo
426 3629 582 3704 Mosimu
607 3631 855 3723 locupletata..

145 3744 265 3835 ltaque
282 3743 382 3814 Sacra
394 3741 477 3815 baec
490 3743 708 3835 congregatio
725 3739 941 3834 indulgentiis
958 3741 1134 3834 sacrisque
1150 3721 1311 3834 deliquiis

80 3858 264 3951 praeposita
290 3875 358 3928 uon
384 3857 492 3929 solum
518 3856 725 3950 praedictum
751 3875 837 3948 opus
857 3857 1013 3929 omnibus
1033 3853 1310 3929 christifidelibus

81 3967 158 4039 uiris
183 3975 290 4060 atque
315 3967 480 4041 deluuctis
504 3969 651 4041 maxime
677 3969 817 4060 perutile
845 3966 915 4040 lore
939 3966 1107 4060 probarit,
1135 3971 1230 4054 etut
1254 3987 1310 4042 au-

81 4077 263 4154 lbenticum
287 4082 489 4172 recognovit,
504 4099 634 4154 uerum
659 4082 758 4154 etiam
783 4081 923 4163 monuit,
940 4084 978 4151 ut
993 4079 1073 4150 siin
1097 4095 1310 4172 quacumque

81 4190 229 4282 eiusdem
248 4193 359 4286 operis
376 4191 531 4278 editione,
550 4211 612 4266 seu
628 4193 782 4266 versione
799 4192 1041 4283 cujuscumque
1060 4189 1225 4265 idiomatis
1240 4199 1311 4265 tam

80 4302 170 4390 iutra,
188 4323 297 4399 qum
321 4312 418 4382 exoa
441 4305 560 4382 mbem
575 4307 644 4398 jam
661 4307 804 4390 exarata,
821 4304 876 4380 rel
890 4304 925 4378 in
941 4311 1115 4400 posterum
1129 4304 1307 4391 armanda,
