3120 4924
537 355 754 426 -etn-

81 491 140 566 ian
168 489 394 586 indulgentiam
430 491 473 564 ad
509 509 741 588 somnumque
773 491 931 574 canoto
964 491 1063 568 ornts
1094 489 1263 574 notens

79 604 239 696 nemque
264 606 413 682 toronum
438 605 636 692 exuentes,
661 608 720 682 unt
752 605 960 682 Venerabilis
991 607 1164 702 Expositio
1188 607 1265 684 stre

79 717 306 794 stemmata
331 719 614 812 septuagesimae,
640 721 713 794 stre
737 721 984 813 sexagesimae,
1012 727 1070 796 eut
1093 719 1263 814 outnum-

80 829 193 918 retnne,
216 832 286 906 sire
309 833 345 906 in
370 833 509 925 singulis
533 833 710 927 prasinis
735 833 965 922 Hebdomadis
989 853 1053 928 per
1076 837 1146 908 tres
1170 832 1262 920 elles,

79 947 145 1032 tuoe
158 945 250 1018 eiam
274 947 304 1018 ei
329 945 559 1020 tantummodo
576 948 611 1020 iu
627 947 722 1021 Foria
738 947 768 1020 V
784 948 869 1022 inim
892 947 1144 1022 llehdometlam
1161 947 1264 1021 Sene

77 1055 183 1142 remae
204 1065 396 1152 peragatur,
423 1079 467 1134 en
483 1061 579 1134 uberi
596 1059 789 1138 toneneas
804 1061 973 1136 coenetis
988 1061 1080 1134 mum
1095 1059 1266 1154 benignis·

75 1167 130 1242 e'ne
148 1171 299 1244 eroenfflt
326 1173 447 1246 Datum
471 1175 598 1248 Romae
621 1191 666 1246 ex
691 1173 874 1248 Serranum
891 1175 1014 1248 Sacrae
1029 1173 1264 1268 Congregetu-

73 1279 235 1376 nilnrlutg.
261 1285 317 1358 die
342 1291 389 1359 ΞΒ
416 1287 491 1360 iulii
519 1292 626 1359 titio.

578 1399 618 1472 N.
645 1397 749 1473 Cnnn.
774 1399 990 1473 monemus
1015 1399 1137 1473 Pnnen

475 1513 508 1584 S.
534 1514 681 1606 Beryto,
695 1515 771 1588 Suc.
801 1513 924 1607 Conon.
949 1511 1085 1606 indole.
1115 1513 1237 1586 senet

533 1709 762 1786 cclxxvtn.

462 1853 841 1910 momenmentum
912 1863 922 1878 ·

117 1957 161 2032 li
181 1958 388 2034 humillimas
411 1977 530 2054 preces
554 1961 708 2036 liederni
732 1962 870 2037 abbans
895 1959 1060 2036 Pmesldis
1076 1960 1265 2055 Conm-

69 2067 138 2144 tlou's
158 2073 403 2148 menedemus
427 2075 562 2148 Ordinis
581 2077 616 2148 S.
643 2076 812 2150 Benedicti
838 2075 872 2149 ln
888 2075 1065 2150 Germania
1090 2075 1275 2181 emetenttal

68 2179 290 2262 lutomsterio
316 2189 515 2262 Sanctorum
540 2188 775 2281 Apostolorum
793 2189 881 2264 Petri
906 2197 940 2264 et
964 2189 1056 2263 Pauli
1081 2189 1125 2262 de
1139 2187 1267 2264 ernest

67 2291 265 2374 succinimus
298 2301 463 2374 Dominus
494 2301 615 2376 Noster
644 2302 800 2376 Clemens
824 2302 902 2375 lllll
925 2301 1138 2396 Prirtlegium
1154 2299 1265 2393 quoti·
1305 2315 1313 2330 ·

65 2403 168 2486 Qum
188 2431 297 2486 asan.
316 2431 418 2488 mem.
436 2413 616 2488 neneeteto
632 2414 709 2487 XlV
725 2414 827 2488 Altam
844 2413 909 2488 sub
925 2413 1134 2488 invocatione
1153 2414 1188 2487 S.
1205 2411 1266 2485 llo-

66 2519 156 2597 uctlictt
177 2533 307 2612 erecto,
337 2526 410 2600 sive
442 2525 602 2620 erigendo
627 2527 663 2600 iu
688 2529 845 2602 omnibus
870 2533 904 2602 et
935 2526 1074 2620 singulis
1105 2523 1265 2600 Ecclesis

65 2629 307 2716 menonem
323 2639 563 2714 ltonaclnomm
580 2639 747 2733 praelatae
765 2641 1039 2734 congregationis
1055 2635 1267 2714 conniten-

65 2743 96 2814 si
114 2748 283 2826 elementer
310 2753 471 2826 extendi.
497 2753 650 2846 Immune
667 2753 756 2826 aliud
779 2754 990 2848 pnrilegium
1010 2751 1052 2827 elo
1069 2749 1190 2827 mem
1205 2751 1267 2825 lle·

66 2857 165 2935 misto
187 2865 364 2958 elargitum
390 2871 428 2938 ut
443 2883 563 2938 omnes
581 2873 615 2938 et
630 2867 782 2960 singulae
805 2867 937 2954 iliacae,
955 2885 1042 2962 qnae
1066 2863 1268 2960 protutura

65 2971 272 3070 tltoscumque
296 2979 461 3064 Menaeni,
484 2978 685 3072 Presbyteri,
704 2980 822 3054 Clerici
847 2987 880 3055 ct
904 2981 992 3053 Laiei
1017 2977 1155 3073 praelati
1171 2975 1267 3050 ordl-

64 3083 152 3162 l'eet
180 3091 456 3186 congregationis
486 3093 583 3184 juxta
608 3093 758 3186 ipsorum
790 3091 1051 3168 constitutiones
1081 3091 1116 3162 in
1148 3105 1267 3162 eorum

65 3193 145 3284 otiu,
168 3205 219 3277 rel
244 3206 309 3278 alia
333 3204 389 3278 die
414 3203 457 3278 erl
481 3205 721 3300 quodcumque
746 3205 858 3281 Altare
882 3203 1105 3279 Ecclesiamm
1134 3197 1267 3293 praerii-

64 3313 113 3383 rtae
133 3315 402 3410 congregationis
434 3337 496 3412 pro
522 3319 654 3392 illorum
681 3319 809 3404 anime,
835 3336 923 3411 quae
947 3318 1018 3390 lieo
1042 3315 1078 3386 in
1107 3311 1267 3385 chanuto

65 3425 207 3514 conjuncta
232 3431 277 3506 al)
303 3431 367 3503 nae
391 3431 465 3504 lore
485 3431 687 3522 migraverit,
714 3429 989 3508 celebrabuntur,
1007 3427 1137 3500 animae
1152 3421 1272 3514 hujus-r

63 3535 130 3607 nodi
149 3559 206 3632 pro
231 3563 301 3635 qua
326 3543 513 3617 celebratae
538 3543 661 3618 luerint
685 3542 825 3636 perinde
851 3541 1084 3634 suffragentur,
1111 3553 1149 3608 ac
1173 3533 1202 3606 si
1224 3529 1269 3604 art

64 3645 147 3724 litere
174 3656 418 3748 privilegiatum
451 3655 636 3728 celebratae
661 3655 820 3745 tuissent3
846 3655 971 3728 Eadem
1004 3650 1167 3725 Sanctitas
1199 3646 1269 3716 Sua

64 3763 252 3846 lllllormiter
276 3767 424 3860 benigne
455 3767 607 3842 extendit
632 3767 674 3840 ad
700 3785 932 3860 quascumque
956 3763 1126 3845 llonialcs‚
1157 3761 1268 3831 coele·

65 3885 159 3964 tttuoe
172 3879 334 3972 elegentes
349 3881 384 3952 in
401 3880 611 3954 lleuasterits
627 3880 817 3973 praedictae
833 3877 1106 3972 congregationis
1122 3867 1270 3945 Burslel·

66 3977 162 4070 iss,
183 3991 228 4064 ita
252 4000 292 4066 ut
316 4011 435 4066 omnes
461 3999 495 4066 et
518 3993 673 4085 singulae
685 3993 808 4066 Missae
833 4009 920 4083 qnae
944 4009 1007 4084 pro
1032 3989 1143 4062 anima
1159 3979 1270 4073 cuins·
1349 4033 1352 4044 .

66 4109 182 4190 nmque
210 4105 362 4178 Martialis
393 4105 602 4196 alarumque
626 4105 661 4177 in
687 4123 803 4178 eanum
834 4103 1043 4177 Menanteriis
1075 4092 1270 4193 degentium

64 4203 134 4293 totta
162 4213 305 4308 insanum
339 4218 602 4292 constitutiones
627 4217 662 4290 in
687 4233 803 4291 earum
836 4213 947 4298 obitu,
974 4213 1027 4284 rel
1059 4209 1121 4282 etta
1147 4205 1202 4278 (lie
1226 4199 1279 4273 ati·

67 4323 272 4424 illitumque
287 4329 401 4406 litare
417 4330 642 4404 scelestarum
659 4329 850 4404 iloniatimn
868 4325 975 4398 (liene
995 4310 1271 4413 congregationis
