3182 4922
7 551 9 614 s

604 348 820 414 -lot-

7 479 9 488 '
169 481 221 556 lld
245 489 401 575 quartum
426 481 655 556 «affirmative
680 482 722 554 ad
747 483 889 575 primam
914 490 1041 576 partem
1054 512 1089 556 ι.

407 594 606 687 ,ιΝοεειίνο
631 593 674 666 ad
698 593 946 668 secundumn·

167 708 264 780 Facta
281 715 392 782 autem
401 725 470 800 per
494 706 807 780 Emineutlsslmnm
825 705 1034 781 cardinalem
1051 707 1189 782 Fabium
1206 707 1325 802 isqui·

7 887 8 904 ,
101 821 186 893 olum
212 821 284 892 Sae
313 819 585 910 congregationis
611 819 824 892 Praefectum
848 819 1065 893 Sanctissimo
1089 820 1231 895 nomino
1259 823 1324 895 No·

7 1021 8 1026 ,
101 939 164 1005 stro
189 933 248 1005 Plu
274 934 337 1006 PP.
362 933 409 1004 lx
433 931 591 1006 relatione
616 930 732 1022 quoad
756 932 903 1024 primurn
929 932 1068 1006 dubium
1093 932 1129 1005 in
1149 933 1325 1008 audientia

98 1044 202 1118 nauita
228 1043 284 1117 die
312 1049 356 1116 lt
381 1043 456 1116 tulii
485 1048 577 1115 l8l7
604 1043 768 1116 Sanctitas
803 1045 870 1117 Sua
894 1044 1039 1137 henigne
1064 1045 1196 1130 annuit,
1228 1045 1324 1122 dnm·

98 1154 191 1228 modo
215 1155 365 1247 legitime
387 1153 545 1228 translata
568 1153 622 1227 sit.

642 1267 769 1343 DXCV.

567 1399 660 1454 mers
685 1402 726 1454 nr
752 1397 846 1454 onom
1225 1469 1229 1474 ‚

160 1495 203 1569 Ut
229 1491 485 1566 sanctissimum
509 1491 590 1566 illud
615 1493 748 1566 Domini
771 1511 911 1574 nomen,
937 1491 1040 1586 quod,
1066 1500 1208 1570 testame
1231 1498 1321 1571 Psal-

94 1607 202 1692 mista‚
231 1625 251 1678 a
277 1605 356 1678 solis
388 1611 464 1678 ortu
495 1604 675 1698 usquead
707 1623 864 1679 oceasum
892 1611 943 1678 est
975 1605 1157 1692 laudabile,
1184 1609 1230 1684 ab
1250 1611 1323 1684 uni·

93 1721 193 1794 uersis
219 1717 499 1792 Chrlsdlidellhus
525 1718 705 1811 praecipua
730 1717 911 1792 devotione
935 1719 1119 1804 invocetur,
1145 1720 1323 1815 lndulgen·

93 1833 166 1904 tiam
188 1833 294 1905 unius
319 1829 476 1924 annifpro
492 1831 639 1922 qualibet
663 1830 736 1904 rice
760 1829 902 1912 Laudes,
920 1849 1063 1922 quarum
1079 1833 1210 1907 initium
1228 1837 1320 1909 «Dio

91 1945 138 2016 sie
163 1943 446 2018 concoctione·
471 1943 572 2018 eorde
588 1942 706 2016 saltem
724 1942 881 2029 contrito,
900 1961 939 2015 ac
955 1943 1074 2018 denote
1095 1947 1321 2034 recitantibus,

93 2055 141 2128 die
166 2061 212 2128 23
242 2055 320 2128 lulli
341 2059 437 2126 ‘leot
468 2056 571 2127 aPiu
597 2056 658 2128 PP.
685 2055 743 2127 llll
769 2073 817 2128 sa.
840 2073 905 2128 me.
923 2073 1130 2143 concessam,
1148 2059 1323 2136 animabus

91 2185 222 2260 quoqne
240 2167 276 2239 in
293 2165 486 2258 Purgalorio
511 2165 656 2241 detentis
673 2167 914 2240 sanctissimus
931 2167 1093 2241 Dominus
1110 2171 1228 2244 Noster
1245 2173 1323 2246 Pius

91 2279 147 2352 ΡΡ.
172 2281 222 2352 lx
248 2279 284 2351 in
309 2277 486 2352 lludientia
510 2278 576 2352 diei
602 2284 649 2351 22
675 2279 782 2352 Martii
807 2279 977 2353 currentis
994 2280 1073 2353 anni
1094 2281 1324 2374 applicabilem

90 2409 160 2466 esse
173 2391 368 2466 decorant
382 2391 582 2464 Humillimis
595 2390 733 2466 demum
746 2391 917 2483 porrectis
930 2392 1160 2484 precibusall.
1173 2395 1226 2468 Fr.
1240 2395 1327 2470 tlloi·

88 2505 136 2578 sio
149 2505 316 2597 Glorgetti
332 2503 467 2578 Ordinis
482 2505 695 2578 llinimorum
712 2503 925 2586 provinciali,
943 2511 981 2576 ut
995 2523 1058 2598 pro
1074 2505 1220 2600 praelata
1242 2507 1325 2582 reei-

87 2618 205 2691 latione
233 2617 385 2690 Plenaria
409 2634 546 2708 quoque
570 2615 778 2708 lndulgentla
805 2616 1055 2703 concederetur,
1080 2618 1207 2694 Eadem
1237 2620 1319 2694 San·

87 2730 175 2802 ctitas
200 2729 273 2802 Sua
298 2729 380 2822 ipsis
405 2729 552 2802 oratoris
576 2727 734 2822 precibus
759 2737 970 2821 peramanter
994 2732 1154 2824 exceptis,
1172 2731 1320 2818 indulsit,

86 2850 120 2914 nt
142 2857 266 2915 omnes
290 2841 467 2934 utriusque
492 2858 596 2915 sexus
619 2839 860 2916 christifideles
884 2844 990 2918 semel
1012 2844 1132 2918 saltem
1146 2844 1181 2917 in
1198 2844 1253 2919 die
1274 2845 1322 2920 di·

86 2961 149 3028 elas
173 2954 311 3028 Laudes
336 2971 397 3047 per
420 2954 587 3046 integrum
604 2970 756 3028 mensem
772 2954 959 3040 recitantes,
983 2955 1226 3048 Indulgentiam
1250 2959 1323 3033 Ple·

85 3068 220 3152 nariam,
240 3085 309 3140 nna
324 3071 453 3139 tantum
470 3065 647 3159 cuiuslibet
662 3067 789 3144 mensis
805 3066 870 3150 die,
895 3068 1162 3160 uniuscujusque
1182 3068 1320 3144 arbitrio

85 3179 246 3272 eligenda,
273 3177 458 3253 dummodo
483 3196 562 3253 vore
578 3178 786 3272 poenitentes
811 3177 966 3264 confessi,
983 3197 1023 3254 ac
1038 3179 1139 3253 Sacra
1164 3179 1321 3255 Commu·

83 3292 180 3368 niune
204 3291 323 3368 relecti
347 3291 480 3376 luerint,
507 3299 540 3366 et
565 3292 709 3383 aliquam
734 3291 929 3376 Ecclesiam,
954 3309 1017 3366 seu
1041 3292 1214 3385 publicum
1237 3293 1319 3365 Ora·

82 3407 200 3480 torium
227 3405 444 3490 velaverint,
470 3404 584 3496 ibique
609 3404 831 3498 paratiquod
865 3405 1026 3498 temporis
1052 3405 1195 3498 spatium
1222 3406 1318 3497 juxta

82 3525 228 3592 mentem
249 3517 438 3592 Sanctitatis
455 3518 543 3590 Suae
560 3517 633 3608 pins
649 3517 691 3589 ad
716 3517 825 3590 Deum
843 3533 962 3610 preces
988 3516 1176 3601 effuderint,
1198 3517 1318 3590 lucrari

83 3631 221 3723 possint,
235 3635 270 3703 et
282 3630 431 3719 valeant3
448 3628 532 3702 lacta
548 3631 686 3722 insuper
711 3635 875 3722 potestate
891 3629 999 3722 ipsam
1018 3630 1118 3704 etiem
1135 3629 1319 3704 Plenariam

82 3739 325 3834 lndnlgentiam
342 3740 497 3816 lldeliltus
514 3740 637 3835 pariter
652 3740 817 3815 detunctis
835 3740 1033 3834 applicandi.
1060 3740 1228 3816 Praesenti
1245 3759 1320 3834 per-

82 3854 189 3945 petuis
206 3854 327 3930 tuturis
343 3853 553 3948 temporibus
568 3854 709 3927 valituro
726 3854 856 3947 absque
871 3854 939 3927 ulla
963 3853 1078 3930 Brevis
1094 3851 1317 3946 expeditione.

149 3967 275 4040 ilatum
300 3968 427 4042 Romae
444 3983 487 4040 ex
504 3966 686 4040 secretaria
703 3967 776 4042 Sac.
795 3965 1069 4060 congregationis
1094 3963 1318 4056 Indulgentia-

82 4097 152 4154 rum
178 4079 237 4154 die
261 4085 284 4152 8
309 4077 452 4173 Augusti
481 4084 584 4152 lstt.
1299 4073 1304 4080 ’

754 4193 790 4266 F.
817 4192 921 4266 Canu.
947 4191 1126 4275 llsournrus-
1144 4193 1265 4265 Pnrnr.

718 4307 759 4380 A.
786 4303 946 4400 Arctipr,
969 4303 1173 4382 ennztoottt
1199 4304 1307 4380 sntst.

206 4383 252 4486 ae
288 4513 294 4518 ⁵
