3164 4926
771 335 990 403 -lttlt-

267 474 433 548 monetes
458 474 637 568 oppositae
661 473 780 547 nullae
803 472 871 546 sint
893 470 1131 544 renovationes
1151 469 1449 563 indulgentiarum
1467 479 1502 544 et

267 587 533 679 iiieilegiarum
559 605 647 678 puae
672 583 900 680 expediuntur
925 587 1024 656 anate
1041 585 1214 657 actualem
1230 583 1505 677 repudiationem

269 700 494 791 antiquarum
510 701 546 772 in
563 719 646 774 nasu
663 705 723 772 ete.
738 701 779 769 i·
804 699 877 771 Sao.
904 697 1123 789 congregatio
1139 696 1355 788 indulgentiis
1372 698 1503 770 Souris-

268 832 335 904 que
359 815 519 906 anitquis
550 815 739 908 praeposita
764 813 818 888 die
843 819 866 886 n
893 812 1099 905 Septembris
1127 817 1220 884 illu
1235 805 1504 886 'rescribendum

269 945 345 1004 esse
370 931 501 1004 sensuit
524 957 538 992 ι
562 929 757 1022 Negative»

844 1041 1010 1114 llaunraos
1036 1041 1138 1114 duna.
1166 1040 1375 1112 Pan-Penas.

750 1169 790 1242 A.
816 1167 862 1242 M.
889 1167 984 1242 Erba
1010 1169 1104 1240 Prot.
1130 1167 1344 1260 Apostotteus
1370 1167 1502 1240 Secret.

797 1365 972 1438 CLXXXI.

342 1501 428 1575 Cum
451 1501 638 1595 Episcopus
663 1501 813 1574 vinarius
839 1501 1050 1594 apostoliens
1076 1502 1111 1572 in
1136 1501 1257 1573 Bosnia
1274 1519 1429 1594 persnas
1450 1501 1507 1575 lit-

266 1621 355 1690 teres
381 1613 435 1687 dte
460 1618 507 1686 29
524 1615 600 1687 iniit
629 1619 723 1686 rats
749 1615 791 1686 ad
808 1616 882 1686 Sao.
901 1613 1139 1708 propagandae
1157 1613 1248 1687 Fidei
1266 1614 1509 1708 congregauo-

268 1743 349 1800 nem
371 1725 477 1811 datas,
504 1733 537 1799 et
562 1727 604 1799 ab
629 1725 756 1800 Eadem
782 1727 824 1798 ad
848 1727 922 1800 Sae.
949 1725 1508 1819 congregationemindulgentiis,

202 1863 204 1868 ·
269 1840 448 1931 sacrisque
472 1839 633 1930 Reliquiis
658 1841 883 1934 praepositam
908 1840 1089 1924 remissae,
1116 1839 1150 1911 in
1176 1840 1216 1912 iis
1242 1839 1417 1926 Partibus,
1443 1843 1510 1915 ubi

268 1951 420 2026 Tabellas
433 1949 717 2046 indulgentiarum
734 1952 838 2026 libere
856 1953 980 2044 exponi
995 1958 1171 2053 nequeant
1186 1951 1412 2044 indulgentias
1429 1953 1510 2026 viva

269 2078 352 2138 roae
377 2064 503 2157 Populo
529 2065 734 2151 annunciat,
753 2063 942 2156 eodemque
958 2071 1110 2158 tempore
1127 2064 1257 2137 solitam
1271 2066 1510 2156 qaaestionem

268 2176 496 2252 manendam
521 2177 718 2268 retulerint3
745 2183 778 2250 et
803 2183 958 2250 metuens
975 2178 1039 2250 hae
1055 2175 1098 2250 de
1116 2196 1217 2250 caasa
1234 2177 1341 2250 irritas
1359 2178 1431 2250 fieri
1447 2181 1509 2252 ln-

269 2291 456 2383 dulgentias
482 2292 526 2364 oh
552 2290 780 2365 Clausulam«
811 2291 968 2363 Volumus
994 2295 1109 2363 autem
1134 2295 1172 2362 ut
1196 2290 1226 2362 si
1249 2311 1313 2383 pro
1339 2291 1511 2384 iuterpre-

268 2405 397 2478 tatioue
417 2406 695 2498 praesentatione
721 2403 927 2478 admissione
943 2421 1001 2476 seu
1016 2405 1248 2496 poeniteutiam
1267 2405 1508 2496 praesentium

269 2517 404 2610 ottputa
419 2519 473 2591 vel
489 2519 672 2591 minimam
690 2515 801 2598 detur,
819 2522 882 2589 aut
898 2521 1015 2609 sponte
1033 2516 1187 2589 adiutum
1204 2515 1392 2608 recipiatur
1400 2535 1511 2613 prae·

267 2636 374 2704 sentes
399 2631 516 2702 nutioe
542 2631 609 2701 sint
633 2659 645 2691 s
669 2629 705 2701 in
728 2629 891 2702 Brerihus
918 2629 1041 2721 opponi
1067 2629 1197 2700 solitam
1226 2645 1289 2719 pro
1314 2635 1509 2720 opportuna

268 2741 488 2816 declaratione
514 2741 758 2834 supplicaverit.
785 2739 864 2814 ldeo
890 2741 1068 2834 propositis
1094 2741 1147 2813 his
1178 2738 1324 2832 desuper
1349 2739 1462 2813 dubiis
1494 2783 1509 2795 -

270 2855 380 2928 Primo
397 2881 417 2934 ,ι
442 2855 496 2925 rin
522 2853 616 2925 diota
633 2853 791 2926 clausula
817 2891 832 2906 ·
858 2854 1014 2925 volomus
1040 2890 1054 2905 ·
1081 2853 1187 2925 ousta
1211 2852 1513 2926 recomendotioui

268 2968 501 3042 Eleemasiuae
517 2966 642 3059 saetae,
661 2967 697 3038 iu
714 2966 982 3040 annunciatione
998 2964 1320 3056 indulgentiorem?
1337 2993 1349 3028 »
1369 2971 1402 3037 et
1419 2985 1510 3056 qaa-

267 3087 366 3155 tenus
392 3079 587 3152 affirmative
613 3119 627 3131 -
653 3079 807 3151 seeundo
833 3105 845 3140 s
870 3079 924 3149 tn
942 3077 1044 3149 licent
1064 3079 1140 3171 fieri
1158 3079 1453 3170 quaestuationem
1473 3087 1511 3151 et

269 3194 412 3267 dieram
438 3191 658 3266 eleemosinae
685 3191 893 3263 ablationem
911 3190 1018 3279 juata
1045 3189 1226 3282 antiquom
1252 3189 1393 3260 Patriae
1420 3207 1509 3262 con·

267 3306 478 3379 suetudinem
503 3305 598 3377 nulio
625 3303 742 3376 debito
768 3307 920 3398 respectu
946 3301 995 3374 ad
1021 3302 1257 3394 indulgentias
1276 3299 1392 3373 dietas
1408 3301 1509 3394 (esti-

266 3421 317 3492 uis
343 3423 493 3512 tempore
518 3419 713 3498 Missurum,
740 3421 773 3488 et
796 3416 947 3490 aliarum
970 3415 1235 3508 sanationumt»
1255 3413 1380 3486 Eadem
1398 3415 1507 3488 Sacra

269 3529 488 3623 congregatio
513 3529 797 3620 indulgentiarum
823 3535 856 3602 et
875 3529 933 3599 SS.
953 3527 1180 3618 Reliquiarnm
1198 3527 1307 3600 hahita
1326 3525 1379 3598 die
1397 3529 1418 3596 6
1436 3526 1507 3599 Se-

269 3644 432 3740 ptembris
457 3644 550 3714 illi
577 3641 849 3736 respondendnm
876 3657 952 3712 esse
977 3640 1107 3712 eensnit
1131 3637 1209 3710 «ud
1233 3646 1425 3730 utrumque,
1453 3657 1514 3711 so-

269 3759 344 3832 litas
369 3758 638 3850 quaestuetiones
665 3773 740 3828 esse
766 3751 1005 3852 permittendas
1030 3759 1063 3824 et
1079 3752 1242 3846 populum
1263 3750 1363 3823 simul
1380 3753 1512 3824 instru-

272 3869 397 3944 endam
424 3869 560 3943 easdem
586 3867 804 3941 eleemosinas
821 3883 890 3937 non
907 3879 983 3936 esse
999 3864 1121 3937 intuitu
1137 3861 1420 3956 Indulgentiarum
1441 3863 1512 3936 im-

271 3981 473 4080 partiendas.

868 4089 1034 4162 Haumous
1060 4089 1163 4162 Cena.
1189 4089 1397 4162 Pro-Pauus.

757 4201 798 4275 l.
825 4203 872 4278 M.
900 4201 995 4278 arto
1019 4203 1115 4278 Prot.
1141 4201 1353 4296 Apostolieus
1379 4201 1510 4277 Serrei.
