3120 4924
766 345 986 414 ..200-

804 539 939 614 chid.

734 699 1009 756 cos-ruurrso.

326 819 564 894 &cemimus
589 819 752 894 Dominus
776 821 897 895 Noster
926 821 1083 894 cismcns
1108 817 1171 892 ΡΡ.
1197 817 1272 891 xiii
1302 816 1345 890 ad
1369 833 1493 910 preces

254 933 516 1008 Eminentissimi
541 939 576 1007 et
606 933 890 1007 Revereudissimi
921 933 1078 1026 Episcopi
1109 931 1351 1004 costantiersis
1379 927 1493 1001 eidem

252 1047 400 1139 henigne
424 1047 613 1140 impertitos
638 1053 691 1120 ost
710 1047 905 1120 tamitatem
931 1044 1113 1137 elargiendi
1137 1043 1407 1116 denedictionm
1433 1059 1496 1112 no

253 1159 346 1244 mine
375 1159 564 1232 &nocetis
596 1160 685 1232 Suae
716 1159 752 1231 in
782 1175 997 1251 quammque
1027 1155 1176 1229 ccclesia
1207 1171 1291 1229 suae
1320 1153 1497 1226 iiioecesis

253 1271 318 1346 sibi
343 1271 432 1348 bono
457 1273 539 1356 visa,
565 1289 635 1346 uon
660 1277 773 1344 autem
798 1269 1040 1362 subdelegandi
1056 1268 1100 1341 ad
1116 1268 1271 1342 eumdem
1286 1266 1498 1340 consocio

252 1401 334 1458 uem
357 1383 615 1477 impertiendam
639 1385 846 1478 Episcopum
871 1401 973 1456 suum
998 1382 1264 1474 suffraganeum.
1394 1477 1398 1484 ι

328 1498 450 1570 Datum
474 1499 601 1570 Romae
625 1515 669 1570 ex
694 1497 879 1570 secretaria
911 1497 986 1570 Sec.
1016 1495 1291 1588 congregationis
1315 1489 1499 1586 indulgen·

255 1611 377 1688 tiarum
401 1609 456 1684 die
482 1615 529 1682 22
554 1610 663 1686 Martii
690 1614 795 1684 1763.

947 1723 977 1797 J.
1003 1723 1056 1797 De
1082 1722 1267 1797 musicos
1292 1721 1417 1796 sceret.

799 1919 948 1996 ccccc.

622 2067 752 2124 onomrs
776 2065 1130 2124 omauossmnrsusrs

330 2175 568 2252 sanctissimus
600 2176 764 2251 Dominus
796 2175 917 2250 Noster
949 2174 1106 2250 clemens
1132 2175 1193 2248 ΡΡ.
1219 2171 1294 2248 Xlii
1327 2171 1501 2246 mumsstt

256 2286 368 2362 Altero
394 2289 641 2382 Prtvucptatum
665 2297 865 2385 perpetuum
892 2289 1122 2382 quotidianum
1145 2288 1417 2380 quibuscumque
1433 2285 1500 2358 Ec·

258 2401 368 2476 ciesiis
385 2401 630 2478 canonicorum
647 2404 861 2497 Regularium
886 2403 1021 2477 Ordinis
1039 2401 1377 2482 praemonstratensis
1394 2399 1501 2472 etiam

258 2515 324 2590 sub
349 2514 514 2590 ordinarii
536 2515 766 2608 jurisdictione
791 2516 1013 2590 existentibus
1037 2516 1145 2588 vsemel
1169 2521 1299 2588 tantum
1319 2512 1502 2603 designan-

259 2625 353 2702 dum.
378 2628 559 2719 Votuitque
583 2628 711 2703 cadem
736 2630 900 2702 Sanctitas
925 2630 993 2703 Sua
1018 2627 1213 2720 hujusmodi
1236 2625 1504 2720 privilegium-ct

259 2739 583 2831 pratiamperpetuis
599 2740 719 2814 tuturis
736 2720 944 2835 temporibus
961 2741 1136 2834 suffragari
1152 2741 1283 2832 absque
1299 2738 1504 2813 uitacreris

259 2849 483 2940 expeditione.
521 2853 644 2925 Datum
675 2853 801 2927 Romae
828 2873 872 2926 er
904 2853 1089 2928 Secretada
1114 2855 1188 2926 Soc.
1222 2849 1504 2944 congregationis

259 2959 543 3056 indulgentiarum
569 2963 623 3040 die
649 2970 672 3038 o
698 2965 840 3060 Augusti
868 2970 975 3041 1763.

1001 3080 1032 3153 t.
1060 3082 1110 3155 De
1138 3075 1322 3155 comitibus
1349 3077 1477 3151 secret

653 3326 656 3337 ·
796 3275 962 3356 ductui.

446 3449 454 3456 -
820 3427 942 3483 onnus

335 3529 573 3606 sanctissimus
598 3533 763 3608 cominus
779 3534 900 3610 Noster
917 3533 1084 3608 concessit
1108 3527 1320 3625 Privieptom
1338 3527 1507 3622 qoocdia·

261 3657 345 3714 num
358 3649 558 3737 perpetuum
576 3647 733 3722 omnibus
750 3646 922 3720 munius
938 3647 1107 3720 ccclesiae
1123 3641 1505 3718 Archiconirateroitatis

236 3769 239 3776 ·
262 3753 297 3825 S.
323 3755 446 3830 Mariae
471 3755 515 3834 de
539 3759 705 3853 Sotiragio
730 3759 774 3833 de
790 3760 899 3850 crhe3
925 3759 1086 3852 idemque
1107 3757 1318 3850 Privitegium
1335 3756 1506 3828 concessit

261 3866 365 3940 Attari
393 3869 427 3943 in
454 3869 605 3946 oratorio
635 3871 789 3966 ejusdem
820 3871 1200 3946 Archinouiratemitatis
1225 3868 1392 3953 existenti,
1423 3885 1506 3941 cum

262 3981 473 4055 revocatione
497 3985 741 4077 cujuscumque
766 3985 882 4058 Brevis
905 3987 975 4078 jam
1000 3985 1137 4060 obtenti.

335 4091 457 4168 lictum
482 4096 609 4170 Romae
633 4115 678 4171 ex
695 4098 880 4174 secretaria
897 4099 971 4174 Sao.
988 4097 1263 4192 congregationis
1279 4091 1506 4188 Indulgentia-

261 4219 338 4276 rum
362 4203 417 4281 die
443 4211 489 4282 23
517 4208 659 4300 Augusti
688 4213 794 4286 ¹763.
1355 4215 1362 4220 “

1005 4321 1036 4401 i.
1062 4325 1114 4403 De
1141 4321 1325 4402 comitibus
1351 4322 1480 4400 Secret.
