3270 4920
1263 341 1335 418 ’167

118 485 169 566 pie
191 485 358 564 oraverint,
386 491 523 550 revocata
545 485 740 566 indulgentia
769 485 885 568 septem
912 493 1063 550 annorum
1088 485 1145 546 otc.
1177 481 1208 545 iu
1243 497 1366 564 suprae-

118 578 274 644 nunciatis
293 579 403 644 diebus
423 597 440 644 a
462 579 556 644 Paulo
580 579 760 660 versegna

201 673 268 736 22⁰
290 673 482 754 induigentia
504 681 621 782 septem
633 691 784 740 annorum
806 673 992 754 totidemque
1013 672 1277 768 quadragenarum
1293 669 1367 736 Coo·

118 768 265 832 iratribus
284 773 316 834 et
336 767 556 834 consororibus
569 770 623 848 qui
638 769 738 836 locum
759 769 812 834 ubi
832 769 1065 837 Sanctissimum
1079 767 1308 832 Sacramentum
1321 783 1367 830 as·

118 869 259 926 servatur
279 864 351 927 ieria
373 865 478 944 quinta
499 863 532 926 in
554 863 650 927 Coeno
669 865 788 928 Domini
813 865 904 929 corde
928 864 1035 928 saltem
1055 863 1185 928 contrito
1206 867 1237 925 et
1258 861 1367 926 devote

120 957 319 1036 visitaverint,
341 973 377 1022 ac
398 963 544 1039 utsupra
565 960 717 1024 oraverint
738 965 875 1024 revocata
896 958 1090 1041 Indulgentia
1110 962 1233 1024 centum
1249 955 1369 1022 derum

119 1053 160 1118 ab
181 1052 290 1118 eodem
310 1053 404 1118 Panto
425 1053 451 1117 V
472 1069 622 1118 concessa.
716 1126 717 1130 Ἴ
816 1064 821 1074 ’
1298 1125 1301 1130 ,

203 1147 270 1212 tte
290 1147 482 1228 indulgentia
496 1153 612 1230 septem
632 1164 783 1214 annorum
804 1148 990 1230 totidemque
1010 1147 1275 1230 quadragenarum
1295 1144 1370 1210 uon·

120 1242 267 1306 iratribus
288 1248 319 1305 et
339 1241 558 1306 consororibus
578 1243 671 1308 semel
693 1244 725 1306 in
746 1243 796 1307 die
817 1243 1011 1325 acquirenda,
1025 1245 1051 1306 si
1065 1243 1177 1324 pariter
1197 1241 1287 1306 corde
1300 1257 1368 1306 con

119 1337 194 1400 trito
215 1336 298 1400 boris
321 1337 499 1418 vespertinis
520 1337 551 1400 in
573 1338 675 1418 aliqua
702 1339 836 1404 Ecclesia
856 1338 1053 1420 seupnblico
1073 1336 1211 1406 Oratorio
1237 1334 1367 1404 sanetis·
1486 1423 1488 1426 Ι

118 1433 236 1498 simum
256 1430 493 1522 Sacramentum
506 1433 693 1498 visitaverint
712 1439 743 1500 et
765 1439 909 1516 utsupra
930 1433 1090 1500 oraverint
1116 1503 1117 1508 ,

119 1621 328 1704 redonandae
347 1623 484 1688 munitos
503 1630 532 1688 et
552 1623 678 1706 dnqutis
692 1617 972 1705 'utrimquesecus
994 1621 1239 1706 cbristifideiibns
1260 1619 1311 1702 qui
1330 1619 1371 1684 nd

203 1717 345 1784 tonnam
365 1725 393 1782 et
413 1719 525 1782 ndtnsn
551 1718 736 1784 sanctissimi
762 1719 947 1786 &crementi
966 1735 1028 1784 sose
1047 1718 1081 1782 in
1100 1717 1288 1798 sequentibus
1310 1715 1370 1799 piis

204 1813 343 1893 operibns
362 1813 564 1890 sansoniae,
589 1829 740 1878 ooncemne
758 1815 797 1879 ob
821 1813 941 1898 Urbano
963 1815 978 1878 1
983 1814 1006 1878 V
1025 1830 1105 1880 nnnc
1126 1813 1371 1892 tndtparsnnsn

205 1908 326 1972 Batinum
345 1907 542 1990 incipissem,
564 1909 774 1988 irasciturus,
795 1927 854 1991 qno
874 1909 1061 1992 festivitatem
1089 1906 1228 1989 Corporis
1251 1906 1371 1974 nonne

205 2003 352 2080 instituit,
374 2009 402 2068 et
423 2021 442 2067 n
463 2003 595 2070 Murtias
621 2004 646 2066 V
663 2005 710 2068 dis
730 2005 771 2068 26
791 2004 865 2071 Maii
886 2003 967 2068 ttae
992 2003 1150 2084 ampliatus
1169 2010 1197 2067 et
1219 2002 1257 2067 nb
1276 2002 1369 2085 unqe·

210 2097 262 2162 nio
281 2099 329 2162 IV
345 2097 392 2162 dis
412 2095 453 2162 26
473 2097 547 2166 dicii
567 2097 646 2162 titt
664 2098 855 2182 confirmatas
873 2105 902 2162 et
920 2097 1070 2162 adnuens.
1487 2113 1489 2116 ’

208 2287 252 2354 i.⁰
274 2287 466 2368 induigentia
495 2288 667 2354 bisnentum
694 2288 814 2353 dierum
840 2287 982 2352 omnibus
1001 2291 1033 2350 et
1056 2283 1187 2367 singulis
1213 2282 1372 2364 utriusque

122 2401 220 2448 serus
241 2381 498 2447 cbrisrtfldetibus
525 2385 577 2463 qui
600 2397 668 2448 vere
689 2384 876 2464 poenitentes
895 2389 926 2446 et
946 2382 1074 2446 coniessi
1095 2381 1127 2446 in
1148 2377 1306 2462 pervigilio
1329 2379 1370 2442 is·

121 2477 267 2540 stivitatis
307 2476 447 2557 Corporis
485 2477 605 2542 Domini
646 2477 863 2557 jejunaverint,
895 2483 948 2540 aut
967 2476 1050 2542 aliud
1076 2491 1153 2556 opus
1181 2474 1265 2555 pium
1282 2473 1372 2552 juxta

121 2571 287 2637 consilium
308 2571 487 2635 Coniessarii
509 2573 689 2653 peregerint.

207 2666 253 2730 2⁰
280 2666 473 2746 induigentia
507 2673 638 2748 quatuor
665 2673 789 2732 centurn
816 2667 937 2731 dierum
963 2665 1145 2746 cuicumque
1177 2663 1372 2729 christifideii

122 2761 303 2867 poenitenti
313 2767 344 2824 et
363 2762 510 2838 confesso,
532 2763 584 2840 qui
606 2763 712 2828 Officio
733 2761 871 2826 Divino
863 2779 895 2825 ιιι
917 2761 1023 2844 primis
1043 2767 1075 2825 et
1100 2759 1241 2826 secundis
1268 2775 1370 2840 respe-

122 2857 168 2920 ris
187 2871 223 2920 ac
243 2855 351 2918 biissae
371 2853 511 2934 ejusdem
531 2855 700 2922 festivitatis
721 2856 923 2920 interiuerint

207 2949 467 3029 3.⁰1odnlgentia
488 2956 612 3015 centum
632 2953 790 3032 sexaginta
811 2951 929 3016 dierum
950 2950 1201 3056 quotiescumque
1228 2949 1260 3014 io
1287 2966 1372 3030 prae·

123 3046 208 3109 dicto
230 3043 422 3121 testaberis
445 3045 573 3123 Primae,
584 3045 704 3123 Sertae,
724 3046 838 3125 Nonae,
858 3051 889 3109 et
903 3043 1109 3145 Completnrii,
1123 3045 1192 3126 quis
1207 3046 1374 3110 internae·

125 3141 177 3218 rit,
199 3156 253 3220 pro
275 3139 437 3218 qualibet
431 3155 565 3220 rpsarum
586 3141 739 3204 borarum.

208 3234 254 3296 d.⁰
275 3233 466 3312 lndolgenria
488 3233 661 3300 bisoentum
682 3233 801 3300 dierum
825 3235 1075 3316 quotiescumque
1090 3233 1248 3325 praetatis
1273 3231 1372 3299 Sacris
1463 3305 1466 3311 Α

123 3329 333 3393 functionibus
353 3329 564 3408 vesperarum,
578 3329 729 3406 Matutini,
745 3335 774 3395 et
788 3331 896 3396 Missae
910 3330 1019 3394 diebus
1034 3328 1162 3394 Octavae
1175 3329 1326 3409 ejusdem.
1330 3331 1374 3395 ie·

123 3423 276 3502 stivitatis,
298 3423 366 3504 quis
388 3422 569 3500 interfuerit,
592 3440 644 3504 pro
666 3423 832 3504 quolibet
825 3441 959 3507 rpsorum
980 3441 1117 3506 operum.

207 3517 253 3580 ii.⁰
280 3517 473 3596 induigentia
505 3519 659 3598 octoginta
688 3517 807 3582 dierum
834 3535 888 3600 pro
916 3519 1048 3602 singulis
1077 3499 1203 3600 reliquis
1230 3515 1348 3582 horis'
1340 3537 1372 3582 ιιι
1448 3563 1452 3574 .

125 3611 289 3695 praedictis
310 3611 427 3676 diebus

207 3709 253 3771 6.0
275 3707 468 3788 induigentia
491 3708 662 3772 biseentum
684 3707 803 3772 dierum
825 3709 1007 3789 cuicumque
1030 3709 1056 3772 si
1081 3705 1226 3772 Sacerdos
1250 3703 1289 3771 sit
1307 3705 1375 3773 rtis-

121 3820 193 3868 sam
212 3803 418 3882 celebraverit,
445 3803 472 3868 si
500 3819 569 3868 vero
597 3805 707 3868 Laicns
734 3803 961 3868 Sanctissimnm
982 3803 1235 3868 commonionem
1262 3803 1371 3868 devote

124 3899 301 3980 sumpserit,
321 3904 352 3960 et
372 3896 558 3962 Processioui
580 3899 767 3963 sanctissimi
789 3898 975 3964 Sacramenti
991 3899 1023 3962 in
1038 3898 1118 3962 dicta
1133 3897 1304 3978 testivitate,
1319 3905 1373 3964 aut

126 3992 186 4056 aba
214 3997 335 4055 octavae
356 3991 405 4056 die
426 3991 586 4058 comitatus
607 3993 707 4071 inerit,
728 3993 842 4058 orando
864 4010 919 4078 pro
940 4009 1013 4075 pace
1032 3999 1065 4058 et
1084 3989 1115 4058 S.
1140 3991 1244 4058 biatris
1268 3993 1372 4060 Eccle-

127 4087 192 4150 siae
214 4085 439 4166 tranquillitate.
