3164 4926
582 348 798 416 -rav-

87 487 156 556 rats
179 483 385 557 earmudem
410 483 782 558 Archiconiralernitatis
799 484 852 556 vel
871 484 1183 558 Contraternitatum
1199 486 1310 561 ninivis

81 596 241 680 intendis,
271 598 328 668 vel
355 597 623 688 quibuscumque
649 597 920 670 Processionibus
945 595 988 670 de
1011 597 1143 670 licentia
1168 597 1309 673 Ordine·

78 709 347 803 o'iperagendis
381 703 618 800 interluerint;'
637 715 693 782 aut
724 711 893 803 Pauperes
925 710 1070 804 hospilio
1100 713 1312 806 susceperint

77 825 119 895 vel
138 841 267 915 paoem
287 823 378 894 inter
390 822 550 906 inimicos,
568 829 625 896 aot
640 821 841 896 dissidentes
859 823 1117 918 composuerint,
1143 841 1205 898 seu
1221 843 1311 898 com·

74 937 142 1028 poni
167 937 334 1020 iecerint,
360 934 414 1008 vel
443 936 709 1028 procuraverint,
742 935 796 1009 vel
827 935 856 1008 si
880 934 1032 1028 impediti
1057 936 1312 1012 sannusimom

72 1049 307 1124 tumuistiae
335 1049 585 1120 Sacramentum
614 1055 683 1120 tam
714 1047 750 1121 in
782 1048 1074 1133 Processiouibos,
1104 1067 1207 1141 quam
1232 1067 1310 1123 cum

73 1161 226 1232 infirmos
256 1164 319 1231 aut
346 1160 424 1232 alias
450 1177 663 1251 quocumque
689 1166 721 1233 et
747 1158 1062 1252 quomodocumque
1081 1179 1143 1253 pro
1159 1167 1311 1254 tempore

71 1272 239 1346 delentur
269 1271 422 1344 comitari
448 1273 668 1363 nequiverint,
695 1279 729 1345 et
752 1271 942 1365 Campanae
967 1271 1010 1346 ad
1033 1271 1070 1345 id
1093 1271 1190 1364 signo
1215 1272 1310 1359 dato,

70 1387 167 1460 semel
196 1385 404 1458 Orationem
428 1385 634 1456 Dominicam
667 1392 700 1458 et
731 1386 967 1458 Salutationem
1000 1383 1191 1477 Angelioam
1217 1385 1311 1460 dixe·

68 1500 136 1582 rint
162 1505 230 1572 aut
258 1496 444 1588 quinquies
468 1497 659 1571 Orationem
684 1504 717 1570 et
741 1499 977 1571 Salutationem
1003 1497 1138 1572 easdem
1155 1516 1217 1591 pro
1233 1498 1312 1572 Ani·

68 1612 183 1684 moris
214 1609 468 1690 Defunctorom
493 1609 702 1682 contratrum
727 1616 762 1682 et
786 1610 1011 1684 consororum
1036 1610 1230 1703 hujusmodi
1259 1630 1312 1684 re·

69 1724 273 1810 manerium
302 1720 517 1794 acroenum
544 1722 688 1813 aliquem
714 1720 756 1793 ad
782 1722 871 1796 viem
896 1723 1011 1796 salutis
1036 1721 1242 1809 reduxerint,
1260 1725 1314 1800 vol

67 1839 269 1928 morantes
296 1834 359 1908 Dei
383 1835 562 1926 Praecepta
587 1841 619 1908 et
644 1853 684 1908 ea
709 1853 795 1927 quae
813 1835 856 1908 ad
874 1836 1014 1909 salutem
1032 1841 1111 1910 suot
1126 1835 1312 1922 docuerint,

72 1952 118 2022 vel
142 1947 359 2024 infirmitate
384 1950 440 2018 aut
464 1945 603 2020 Caruere
629 1946 782 2021 detentos
808 1948 1021 2031 visitaverint,
1047 1954 1105 2020 aut
1119 1947 1232 2042 aliquo
1248 1948 1316 2042 spi·

68 2063 168 2135 rimati
200 2079 272 2134 seu
293 2057 466 2150 temporali
484 2057 633 2131 subsidio
649 2059 886 2150 subvenerint;
903 2061 955 2133 vel
969 2058 1207 2153 quodcumque
1224 2059 1314 2136 aliud

68 2175 203 2248 luctis
230 2171 292 2244 vel
318 2169 492 2242 Chmitatis
509 2189 595 2263 opus
612 2172 831 2257 exercuerint,
847 2173 954 2255 toties,
971 2190 1033 2264 pro
1050 2173 1201 2263 quolibet
1215 2191 1312 2266 pran-

68 2287 238 2362 lotorum
268 2301 412 2376 operum
438 2283 595 2358 exercitio
620 2283 762 2358 Centum
788 2284 917 2357 dierum
939 2282 1181 2378 indulgentiam
1197 2285 1233 2358 in
1248 2286 1314 2359 lor·

67 2421 115 2472 un
140 2397 328 2474 Ecclesiae
344 2401 505 2468 consueta
520 2395 666 2488 henigne
682 2397 856 2470 concessit.
875 2397 1045 2469 Praesenti
1061 2397 1313 2489 inperpetuum

69 2515 220 2587 valituro.
244 2509 431 2600 voluitque
450 2508 612 2601 Sanctitas
628 2510 695 2582 Sua
711 2510 798 2582 lrauc
814 2508 952 2602 gratiam
973 2508 1101 2601 absque
1118 2507 1184 2580 rolla
1200 2509 1314 2584 Brevis

69 2625 312 2720 expedictione
338 2620 523 2714 suffragari.
548 2620 667 2696 Datum
694 2621 747 2694 die
776 2626 814 2694 ll
845 2621 985 2714 Augusti
1015 2625 1120 2694 l7t9.

709 2735 874 2807 Hernicos
900 2733 1003 2806 tam.
1030 2734 1236 2807 Pon-Potor.

676 2846 716 2916 l.
734 2847 780 2920 Μ.
798 2847 893 2921 Erbo
919 2847 1018 2922 Prot.
1044 2850 1160 2942 rposr.
1188 2848 1313 2924 secret.

617 3041 776 3116 CLXXX.

137 3185 267 3259 Brevia
279 3183 355 3256 sive
371 3179 654 3275 indulgentiarum
671 3184 742 3256 sive
758 3182 919 3259 clitorium
937 3185 1219 3278 privilegiatorum
1235 3203 1315 3260 cum

71 3299 324 3392 utplurimum
350 3293 502 3386 expediri
525 3295 654 3368 soleant
678 3313 755 3367 cum
781 3296 937 3371 clausula.
964 3326 975 3360 ι
1003 3299 1039 3370 Si
1063 3316 1143 3372 cero
1162 3298 1256 3371 oliae
1270 3300 1314 3372 si·

73 3412 165 3484 nites
190 3407 468 3498 indulgentiam
493 3407 554 3497 (td
578 3413 627 3480 est
652 3406 693 3480 dc
705 3409 920 3501 privilegiis)
937 3409 1046 3483 eidem
1062 3411 1234 3484 Ecclesiae
1250 3414 1313 3484 out

73 3522 186 3594 illuri
212 3523 254 3593 io
280 3538 324 3592 eo
349 3519 413 3590 silo
439 3519 509 3590 siue
529 3523 694 3614 perpetuo
720 3520 788 3592 coe
815 3520 863 3594 od
888 3526 1018 3616 tempas
1039 3521 1192 3596 nondum
1216 3524 1312 3616 elap-

79 3651 152 3704 sum
174 3649 360 3708 ennecone
384 3632 602 3723 reperiuntur
621 3637 817 3726 praesentes
847 3637 1055 3710 collector
1080 3640 1141 3708 etr.
1167 3665 1180 3700 ›
1206 3636 1240 3708 in
1257 3635 1315 3710 ali·

77 3745 197 3835 quous
223 3743 435 3836 negionnos
452 3761 525 3816 mos
542 3744 678 3818 invaluit
695 3751 728 3818 et
740 3748 937 3837 praesertim
950 3749 1035 3822 ultra
1048 3753 1180 3820 montes
1193 3748 1314 3824 eadem

77 3857 192 3930 Brevia
217 3859 364 3930 ltomam
389 3856 579 3932 remittendi
595 3865 671 3932 anm
688 3859 848 3951 temporis
865 3861 900 3934 io
916 3861 956 3934 iis
973 3859 1114 3954 praefixi
1130 3859 1235 3936 linem
1250 3881 1313 3956 pro

78 3969 332 4044 confirmatione
358 3967 555 4054 obtinenda,
582 3989 668 4062 quae
693 3988 810 4044 revera
838 3972 1034 4066 impetratur
1059 3975 1136 4044 anto
1161 3972 1314 4065 ejusdem

80 4082 240 4172 temporis
264 4081 411 4174 lapsum,
438 4098 482 4152 ex
506 4081 699 4173 hujusmodi
723 4082 898 4176 anticipata
923 4081 1156 4174 expedictione
1181 4083 1313 4160 nonna-

80 4199 157 4264 runt
180 4191 332 4266 nonnulli
358 4191 403 4264 de
427 4209 591 4268 novorum
615 4195 769 4268 Brevinm
794 4193 1020 4269 subsistentia.
1054 4194 1164 4278 Quare
1189 4216 1314 4292 propo·

84 4302 147 4376 sito
167 4304 222 4380 iris
246 4305 398 4400 desuper
423 4304 525 4380 dubio
549 4334 561 4370 r
586 4308 640 4382 An
664 4309 698 4384 oi
730 4308 907 4382 ctomnlae
932 4345 946 4361 ·
972 4304 1008 4377 Si
1040 4323 1121 4380 vero
1146 4313 1209 4384 etc.
1236 4347 1252 4366 ·
1277 4313 1315 4387 io
