3134 4918
789 391 834 408 -
862 359 933 427 378
960 389 1006 410 -

682 487 723 566 1N
744 487 932 556 BONOREM
951 491 985 555 Β.
1005 489 1057 555 ΡΙΙ
1078 487 1113 554 v.

802 622 993 676 arunas

629 725 720 800 Belli
743 727 907 801 tumuitus
932 729 1062 820 inpertit

681 839 798 913 Cultus
821 841 886 912 Dei
910 840 1135 912 contemnitur

682 952 859 1042 Uttriaque
876 953 1015 1044 capam
1027 969 1232 1045 permanan

676 1064 756 1136 tam
777 1081 893 1155 poena
919 1065 1017 1136 terris
1042 1065 1195 1136 imminet

631 1175 737 1260 Quem
761 1191 823 1247 uos
848 1177 885 1247 in
910 1173 974 1248 doc
999 1174 1193 1248 discrimine

678 1287 878 1360 Coetesttum
903 1286 1104 1361 decadibus

676 1399 949 1472 Praesentiorem
979 1398 1149 1472 Vindicem

678 1512 790 1597 mom
808 1514 851 1594 te,
868 1513 940 1594 Pie,
958 1511 1216 1585 invocabimus?

625 1623 748 1706 Nemo,
774 1623 872 1697 beate
895 1623 1056 1718 Pontifex

675 1737 862 1809 intensiore
886 1737 1010 1810 robore

677 1849 789 1934 mam
815 1853 851 1921 tu
876 1849 1014 1941 superni
1038 1848 1198 1922 Numinis

675 1959 854 2035 Promovit
877 1963 914 2034 in
940 1961 1039 2033 terris
1064 1959 1165 2034 orosa

951 2073 1056 2158 Quem
1081 2091 1143 2147 nos
1168 2075 1229 2146 etc.

624 2183 764 2257 Ausisoe
787 2184 986 2277 fortioribus
1264 2221 1271 2224 ·

673 2297 806 2370 Avertit
830 2315 854 2369 a
879 2296 1063 2370 ceruicibus

677 2407 776 2494 Quod
803 2406 1006 2483 Christianis
1031 2407 1186 2501 passivus

674 2521 802 2614 lupum
820 2521 1003 2614 parabant
1026 2518 1181 2594 Barbari

946 2634 1052 2719 mem
1077 2649 1139 2706 nos
1166 2635 1227 2706 eto.

625 2745 675 2817 Tu
701 2746 913 2839 comparatis
938 2744 1102 2818 ctosdbus

676 2857 764 2931 Votis
788 2857 902 2950 mapis
926 2857 986 2930 sed
1009 2855 1151 2950 [avidis

670 2966 727 3040 Ad
750 2970 882 3042 insutas
907 2967 1130 3042 linonimdas

670 3077 801 3154 Fundis
826 3085 1014 3174 tyrannum
1044 3077 1213 3153 Taraciae

946 3193 1052 3278 Quem
1076 3211 1139 3265 nos
1164 3196 1225 3264 etc.

621 3305 813 3396 Absensaue
839 3303 957 3378 eodem
982 3309 1133 3398 tempore

670 3417 784 3492 Hostis
808 3419 875 3512 suit
900 3435 966 3510 ouo
988 3405 1145 3510 perditus

676 3529 782 3616 Vides,
810 3536 842 3606 et
867 3530 1042 3604 adstantes
1067 3529 1166 3603 doces

669 3645 811 3738 Pvpnae
835 3641 998 3717 secundos
1024 3643 1135 3717 caitus

945 3759 1050 3843 mem
1074 3775 1137 3830 nos
1162 3761 1222 3829 etc.

498 3891 501 3896 ·
619 3869 759 3961 Maiora
783 3870 843 3962 qui
868 3871 961 3943 coeto
980 3873 1080 3963 potes

672 3983 721 4055 its
746 3983 913 4078 supptices
937 3999 1027 4055 nunc
1053 3979 1191 4075 adspice

673 4097 722 4168 Tu
748 4097 873 4170 civium
898 4095 1090 4170 discordias
1240 4127 1244 4136 v

671 4210 861 4304 Compesce,
888 4213 920 4284 et
944 4210 1017 4284 iras
1044 4207 1191 4282 nostium

942 4321 1049 4410 Quem
1072 4339 1135 4398 aas
1159 4321 1222 4396 ete.
