3182 4922
624 392 670 412 -
698 358 767 432 567
797 391 843 414 ···

104 497 318 591 Affiratatiaa
340 496 389 570 ad
411 497 564 590 primam
587 503 734 590 partam,
761 499 928 590 Negatioe
941 475 1001 568 ¹ad
1026 495 1211 570 secandam
1224 526 1257 567 ι.
1276 495 1336 568 ia·

104 619 155 684 cta
181 612 295 702 itaque
321 610 537 684 sanctissimo
562 611 704 682 Domino
728 607 848 683 Nostro
874 611 931 682 Pio
957 610 1018 681 ΡΡ.
1036 611 1082 681 lll
1103 609 1262 682 relatione
1278 627 1339 701 per

102 743 158 797 me
184 723 431 816 infrascriptum
458 724 531 795 Sao.
560 723 832 814 congregationis
858 722 1079 796 Secretarium
1105 719 1160 795 die
1188 726 1232 792 li
1251 721 1339 814 eius·

104 836 180 910 dem
215 839 361 920 mensis,
387 835 552 910 Sanctitas
584 837 651 908 Sua
684 842 798 910 votum
831 835 1178 910 Eminentissimorum
1205 835 1339 906 Petrum

103 949 310 1044 approbavit.
336 950 373 1022 ln
398 948 575 1024 Audienda
599 967 679 1022 vero
704 948 910 1022 sanctissimi
934 947 990 1020 die
1015 952 1062 1020 att
1088 946 1164 1020 tulii
1188 943 1340 1039 eiusdem

1 1047 2 1060 '
103 1065 182 1136 anni
208 1063 252 1136 ab
277 1061 550 1136 Eminentissimo
575 1060 741 1134 cardinali
766 1061 839 1134 Sao.
869 1059 1140 1152 congregauonis
1172 1058 1340 1132 Praefecto

102 1175 228 1258 babila.
247 1173 373 1248 Eadem
399 1174 561 1248 Sanctitas
587 1175 654 1246 Sua
668 1191 711 1246 ex
725 1173 860 1266 speciali
877 1173 979 1264 gratia
997 1172 1177 1244 clementer
1193 1169 1339 1255 indulsit,

101 1295 138 1366 ut
163 1288 278 1362 Oratio
305 1289 554 1362 sacrosanctae
579 1293 642 1360 etc.
671 1305 732 1378 pro
758 1284 916 1358 lucranda
933 1283 1139 1376 indulgentia
1166 1302 1256 1356 asa.
1274 1301 1340 1356 me.

103 1402 219 1474 Leone
244 1399 305 1474 ΡΡ.
331 1401 364 1472 X
389 1399 537 1484 adnexa,
563 1417 625 1472 seu
656 1398 765 1472 iructu
798 1397 905 1470 dietae
937 1397 1111 1482 orationis,
1139 1397 1243 1470 etiam
1270 1413 1340 1468 aaa

101 1513 202 1604 atesis
227 1513 367 1603 amitas
391 1512 532 1586 recitari
552 1512 660 1603 possit
686 1511 730 1582 ab
757 1511 809 1591 iis,
837 1511 895 1600 qai
921 1511 1069 1602 legitime
1094 1508 1249 1601 impediti
1272 1508 1342 1601 sura

102 1627 174 1698 rial
200 1625 410 1718 infirmitatis
436 1629 570 1700 tautam
596 1643 712 1698 caasa
748 1624 917 1696 Praesenti
950 1623 1089 1696 valituro
1121 1622 1250 1712 ubsque
1274 1621 1341 1694 nlla

102 1737 220 1810 erens
247 1734 483 1828 expeditiono;
509 1735 812 1810 nonobstantibus
845 1736 879 1808 in
912 1735 1113 1808 eontrarium
1145 1733 1341 1806 metentibus
1388 1767 1392 1774 =

104 1849 388 1942 quibuscumque.
415 1851 535 1922 ilatum
561 1849 686 1922 Rornae
711 1867 755 1922 ex
780 1848 964 1924 secretaria
989 1848 1140 1940 ejusdem
1166 1849 1239 1920 Sec.
1257 1846 1343 1920 Gon·

105 1961 310 2056 megationis
335 1961 462 2056 indulg.
490 1961 544 2036 die
571 1966 592 2032 7
618 1961 762 2036 ianuarii
790 1966 895 2034 istu.

807 2074 842 2146 F.
869 2074 973 2148 Canu.
999 2073 1172 2156 dmnnnns
1196 2071 1319 2146 Pausa

869 2188 911 2260 Α.
940 2187 1100 2261 cotardo
1127 2187 1249 2260 secra.
1345 2211 1347 2218 ’

665 2411 787 2486 actv.

182 2635 268 2710 Corn
294 2635 426 2729 piarum
451 2651 592 2727 opernm
609 2652 648 2708 ac
664 2651 804 2727 precum
820 2632 1069 2718 collectionem,
1089 2631 1213 2725 quibus
1228 2649 1274 2708 er
1290 2651 1345 2725 ge

104 2749 281 2826 neralbns
296 2749 513 2822 summorum
531 2746 734 2822 Pontificum
748 2747 996 2838 elargitionlbns
1020 2745 1247 2839 indulgentiae
1267 2751 1346 2820 suut

106 2862 264 2941 mitesce
285 2861 364 2954 iam
379 2862 506 2934 uanae
529 2879 590 2952 pro
607 2859 833 2934 decimotertia
858 2861 931 2934 riae
955 2859 990 2934 in
1014 2859 1125 2936 laeam
1146 2858 1268 2934 editam
1288 2859 1347 2932 Sa-

108 2973 233 3052 cerdos
257 2971 403 3051 itoistus
428 2972 557 3048 Pallard
581 2973 615 3046 in
641 2971 794 3064 gallicum
819 2970 942 3046 idioum
958 2972 1121 3056 autumet,
1148 2971 1256 3044 enixis
1271 2987 1347 3065 pre

107 3088 207 3164 cibus
239 3085 396 3178 rogabat,
423 3091 460 3162 nt
483 3083 527 3160 ab
551 3084 615 3158 hac
640 3085 740 3160 Sacra
770 3082 1052 3176 indulgentiarum
1083 3079 1348 3175 congregatione

107 3195 305 3292 huiusmodi
321 3198 431 3272 versio
457 3197 708 3291 approbaretur,
725 3197 770 3273 lta
786 3203 824 3270 ut
839 3197 928 3289 typis
952 3213 1088 3288 quoqne
1103 3193 1255 3272 mandari
1269 3211 1347 3288 poe

108 3319 180 3402 set;
202 3312 303 3384 Sacra
319 3311 445 3388 Eadem
470 3310 709 3404 congregatio,
736 3316 860 3384 attema
883 3307 1049 3384 roristone
1080 3307 1181 3382 numa
1205 3325 1250 3381 ex
1272 3306 1347 3380 suta

109 3423 376 3510 Commtoribus,
403 3442 471 3500 uon
496 3422 598 3500 modo
624 3422 893 3517 approbandam,
919 3428 1021 3515 atque
1044 3421 1269 3500 sabomacum
1293 3437 1346 3494 re·

109 3536 380 3632 cognoscendam
407 3554 482 3612 esse
507 3537 612 3620 duxlt,
640 3553 757 3612 verum
783 3537 882 3613 etiam
907 3536 996 3629 typis
1021 3535 1165 3630 imprimi
1184 3553 1225 3610 aa
1240 3531 1348 3628 pabit

109 3651 179 3726 cari
205 3665 308 3743 posse
332 3650 493 3743 permisit.
527 3651 647 3725 batum
677 3651 803 3724 Romae
829 3668 872 3724 ex
897 3648 1079 3724 &moade
1109 3647 1261 3742 eiusdem
1285 3645 1346 3720 sa-

109 3781 187 3840 crae
213 3762 379 3855 Gangreg.
405 3761 534 3855 lnddg.
559 3761 616 3840 die
642 3766 688 3834 28
713 3762 819 3838 ldartti
847 3765 952 3836 tebit.

737 3988 772 4060 F.
799 3987 902 4062 Clau.
928 3987 1100 4070 dsoumrns
1126 3985 1247 4060 Perna.

676 4101 745 4174 Pro
763 4102 803 4174 ii.
821 4103 859 4174 P.
878 4103 920 4173 D.
936 4101 975 4172 i.
995 4099 1155 4173 Golomba
1175 4099 1297 4172 saaca

638 4213 678 4285 Α.
705 4212 863 4308 Arabipr.
891 4212 1092 4287 Priaziaalli
1119 4211 1333 4286 substitutas.
