3270 4920
327 347 394 413 liiii

291 483 423 560 paratus,
443 483 474 541 ot
495 492 563 540 vero
585 477 752 558 poenitens,
773 471 939 556 consessus,
960 493 995 540 ac
1020 475 1111 542 Sacra
1143 476 1365 540 communione
1398 479 1532 560 reiectus,

290 576 316 638 si
339 575 444 651 valeat,
467 570 600 652 alioquin
623 571 771 636 contritus
791 571 906 636 Nomen
927 571 998 635 iesu
1031 588 1093 651 ore,
1124 571 1149 634 si
1182 572 1322 651 patuerit,
1355 572 1404 636 sin
1439 575 1533 640 minus

292 671 398 733 saltem
420 668 514 731 corde
533 667 726 744 invocaverit,
748 667 918 730 Plenariam
939 666 1163 748 indulgentiam
1184 671 1398 746 consequetur.

374 763 566 842 Quicumque
586 767 656 825 ante
677 763 785 827 Missae
811 762 1056 841 celebrationem,
1089 763 1136 826 rel
1162 761 1366 842 sumptionem
1391 763 1531 830 iiucbari·

291 860 377 936 stiae,
398 863 451 920 aut
472 856 680 920 recitationem
701 856 801 920 bivini
823 856 931 935 Officii,
953 857 999 920 vel
1021 856 1105 938 parvi
1126 857 1160 918 B.
1173 856 1274 934 Η,
1295 857 1433 938 aliquam
1453 859 1534 924 dero

291 960 352 1018 tam
367 951 626 1034 praeparationem
642 951 839 1032 praemiserit,
854 950 1076 1032 quinquaginta
1088 951 1210 1016 dierum
1223 950 1534 1036 Indulgentiamqua·

290 1049 365 1112 libet
386 1047 450 1110 vice
471 1045 503 1110 id
524 1045 630 1126 egerit,
651 1045 805 1126 percipiet

372 1141 430 1216 Qui
452 1138 590 1205 detentos
610 1140 642 1203 in
664 1155 794 1219 carcere,
815 1145 869 1203 aut
888 1145 1027 1221 aegrotos
1049 1139 1080 1204 iu
1102 1140 1284 1206 nosocomiis
1297 1142 1475 1223 visitaverit,
1488 1163 1534 1210 eas

167 1251 174 1268 ·
291 1240 392 1320 aliquo
414 1237 494 1300 bono
514 1250 606 1316 opere
626 1234 807 1314 adjuvanda,
830 1239 883 1297 aut
902 1235 1079 1300 Doctrinam
1100 1234 1302 1302 Christianam
1332 1236 1364 1301 in
1393 1239 1534 1320 Ecclesia,

290 1334 338 1398 vei
359 1331 440 1395 domi
462 1329 551 1408 iiiios,
571 1335 625 1392 aut
646 1329 842 1410 propinquos,
863 1335 916 1394 aut
936 1330 1066 1393 lamulos
1086 1330 1234 1410 docuerit,
1255 1331 1345 1396 toties
1375 1333 1534 1417 indulgeu-

289 1432 364 1494 tiam
385 1427 556 1490 biscentum
576 1424 695 1488 dierum
716 1430 929 1506 consequetur.

370 1521 429 1598 Qui
450 1520 489 1584 ad
510 1519 632 1600 pulsum
653 1534 815 1600 campanae
838 1519 966 1599 alicujus
987 1519 1139 1585 Ecclesiae
1152 1535 1253 1599 mana,
1267 1528 1320 1585 aut
1333 1523 1473 1603 meridie,
1486 1529 1534 1590 aut

290 1635 412 1702 uespera
433 1620 593 1680 consuetas
614 1629 717 1694 preces
736 1613 869 1694 Anpolm
890 1613 1009 1677 Domini
1028 1620 1086 1679 etc.
1107 1613 1199 1694 dicet,
1220 1615 1266 1679 vei
1286 1617 1313 1679 sl
1334 1633 1386 1680 eas
1407 1619 1533 1699 ignoret,

289 1714 381 1779 semei
405 1709 575 1775 Orationem
595 1706 788 1784 Ooaniaicom,
810 1715 840 1772 et
860 1708 1074 1772 Salutationem
1086 1709 1269 1790 donabant,
1290 1710 1335 1775 vei
1357 1711 1430 1777 dato
1449 1713 1533 1794 siguo

289 1809 347 1872 sub
368 1807 475 1870 boram
496 1803 593 1868 noctis
616 1803 722 1866 orandi
743 1819 799 1883 pro
820 1803 982 1882 defunctis,
1004 1804 1160 1868 Psaimum
1180 1803 1224 1868 Oe
1241 1804 1418 1887 profundis,
1438 1814 1491 1873 aut
1509 1810 1531 1872 si

287 1905 384 1967 hunc'
394 1900 508 1988 nesciat
530 1897 700 1961 Orationem
714 1897 908 1973 flamininum,
930 1903 961 1961 et
973 1897 1187 1964 Salutationem
1200 1899 1370 1982 Anaeticam
1385 1903 1531 1982 recitabit

288 2003 412 2064 centurn
433 1995 553 2059 dierum
575 1993 801 2073 indulgentiam
821 1991 958 2072 qualibet
980 1992 1043 2054 vice
1063 1993 1255 2073 adipiscetur.

370 2088 517 2154 Eamdem
539 2087 650 2168 pariter
670 2093 873 2167 consequatur
894 2086 1129 2167 indulgentiam,
1150 2085 1204 2166 qui
1224 2086 1297 2174 ieria
1319 2093 1405 2152 sexta
1431 2089 1533 2154 deame

288 2185 465 2267 cogitaverit
486 2183 524 2247 de
545 2181 707 2259 Parsiana,
728 2196 763 2244 ac
784 2181 879 2244 biorte
900 2180 935 2244 D.
957 2181 993 2244 N.
1014 2181 1040 2243 J.
1063 2180 1111 2260 O,
1139 2184 1244 2261 terqua
1277 2181 1450 2246 Orationem
1479 2185 1533 2248 Oo-

289 2275 439 2357 miniiarn,
459 2284 490 2342 et
511 2275 723 2342 Salutationem
743 2274 912 2358 angelicam
933 2275 1081 2339 recitabit.
1544 2289 1549 2304 ·

369 2374 512 2454 Quisquis
533 2387 602 2435 vere
623 2371 780 2451 poenitens
801 2376 923 2452 peccata
946 2370 1105 2434 commissa
1127 2370 1287 2434 emendare
1309 2373 1438 2439 tirmiter
1468 2393 1533 2457 pra

285 2475 389 2552 ponat,
411 2465 626 2540 conscientiam
648 2481 734 2527 suam
756 2465 890 2528 excutiat
911 2471 957 2528 ter
979 2463 1119 2528 Oratione
1139 2463 1306 2543 Dominim,
1337 2475 1369 2530 et
1395 2468 1534 2553 Ampeliou

286 2561 469 2629 Salutatione
490 2562 597 2624 devote
618 2559 753 2639 repetitis
774 2559 804 2621 in
827 2558 973 2622 honorem
994 2557 1047 2624 SS.
1068 2559 1234 2638 Trinitatis,
1255 2567 1308 2623 aut
1329 2561 1369 2626 ob
1396 2581 1534 2630 reveren·

210 2721 217 2738 ,
286 2660 360 2722 tiam
382 2659 517 2737 quinque
540 2655 708 2718 vulnerum
729 2653 800 2717 lesu
822 2652 934 2717 Christi
956 2653 1122 2734 quinquies
1142 2653 1250 2718 devote
1264 2657 1405 2742 eamdem
1419 2659 1533 2726 Oratio·

286 2769 366 2837 nem,
388 2757 418 2814 ot
439 2750 660 2815 Salutationem
682 2749 797 2825 imitat,
818 2749 957 2812 eamdem
978 2741 1204 2828 indulgentiam
1225 2749 1404 2816 lucrabitur.

303 2885 304 2890 κ
366 2845 424 2920 Oui
446 2861 500 2926 pro
521 2840 775 2907 christifidelibus
796 2843 926 2923 aegrotis
948 2843 980 2905 in
995 2843 1079 2905 exitu
1096 2843 1172 2906 vitae
1186 2845 1360 2909 constitutis
1373 2847 1424 2928 pie
1437 2849 1532 2913 Deum

285 2940 383 3004 orabit
403 2935 561 3003 et'saitem
582 2951 636 3017 pro
657 2936 730 3015 ipsis
753 2934 923 3023 Orationem
943 2933 1138 3011 Dominicom,
1161 2943 1191 2998 et
1211 2935 1425 3004 Salutationem
1438 2942 1530 3024 Ange·

286 3036 372 3099 licam
393 3030 487 3110 dicet,
505 3032 729 3112 quinquaginta
752 3031 870 3094 dierum
893 3030 1119 3112 indulgentiam
1140 3035 1352 3114 consequetur.

365 3129 477 3193 Omnos
497 3133 528 3190 et
549 3125 685 3206 singulas
700 3124 866 3188 antedictas
881 3124 1089 3206 indulgentias
1104 3126 1254 3192 Sanctitas
1268 3127 1328 3192 Sua
1344 3131 1410 3196 vuit
1424 3150 1529 3198 unum·

284 3240 438 3306 quamque
460 3237 547 3303 posse
568 3225 620 3283 aut
641 3235 695 3300 pro
717 3235 750 3283 su
770 3219 836 3300 ipso
856 3219 983 3301 adipisci
1005 3225 1057 3284 aut
1077 3221 1220 3286 fidelibus
1234 3223 1386 3289 deiunctis
1400 3243 1455 3308 per
1472 3245 1529 3292 mo

284 3318 359 3383 dum
380 3316 520 3397 sudragii
542 3315 698 3397 applicari.

364 3410 649 3491 Declaratinsuper
670 3408 821 3474 Sanctitas
842 3407 902 3473 Sua
923 3409 1117 3474 concessione
1138 3412 1340 3492 praelatarum
1370 3413 1530 3497 indulgen·

285 3507 395 3572 tiarum
417 3501 501 3570 nullo
523 3503 612 3568 modo
634 3502 780 3584 derogare
800 3502 1011 3584 indulgentiis,
1038 3521 1114 3586 quas
1140 3505 1191 3568 aiii
1223 3505 1338 3572 Summi
1370 3509 1530 3576 Pontifices

145 3665 150 3675 ,
283 3586 531 3667 praedecessores
549 3599 614 3677 jam
634 3613 808 3663 concessere
829 3615 883 3680 pro
905 3597 1060 3663 nonnuliis
1073 3615 1112 3663 ex
1132 3617 1221 3681 supra
1238 3601 1379 3667 indicatis
1392 3604 1453 3685 piis
1465 3621 1530 3686 opo

281 3696 378 3775 ribus,
401 3695 503 3758 rolens
523 3692 645 3758 easdem
664 3705 797 3758 suorum
811 3692 1080 3758 Praedonessomm
1102 3695 1310 3759 conomsiones
1330 3699 1364 3762 in
1396 3715 1453 3764 suo
1483 3715 1528 3764 ro

281 3791 355 3857 bore
377 3802 563 3872 permanere.

363 3884 398 3948 in
419 3881 638 3947 distribuendis
659 3879 758 3948 auitam
780 3881 956 3962 hujusmodi
971 3881 1107 3962 Coronis,
1122 3881 1341 3950 Crucibusetc.
1362 3901 1528 3970 eorumque

281 3995 341 4042 usu
361 3977 576 4044 sanctissimus
596 3977 745 4041 Dominus
764 3977 873 4042 Noster
892 3977 1004 4041 servari
1018 3977 1107 4057 iubet
1126 3977 1287 4044 Decretum
1309 3979 1358 4044 iel.
1380 3997 1439 4048 rec.
1459 3983 1528 4046 Aie-

282 4073 390 4137 xandri
411 4073 465 4136 liii
486 4071 603 4135 editum
617 4071 675 4136 sub
690 4072 739 4135 die
753 4071 773 4136 O
787 4071 945 4135 Februarii
968 4071 1057 4152 totta,
1080 4073 1235 4152 nimirum,
1249 4080 1284 4139 ut
1297 4073 1443 4155 Coronae,
1456 4077 1527 4142 Cru-

283 4181 343 4245 ces,
363 4167 486 4232 itosaria
505 4173 574 4246 etc,
595 4173 630 4230 ut
650 4183 740 4250 supra
762 4162 931 4247 benedicta,
946 4168 1046 4250 quoad
1061 4167 1270 4249 indulgentias
1290 4185 1352 4236 uon
1375 4175 1525 4237 tmnseant

281 4275 441 4340 pomonam
462 4261 591 4342 illorum,
613 4263 726 4344 quibus
747 4278 907 4330 manassae
930 4267 1012 4344 sunt,
1033 4269 1087 4329 aut
1105 4263 1220 4345 quibus
1239 4264 1278 4329 ab
1291 4264 1330 4330 iis
1343 4265 1441 4348 prima
1460 4266 1523 4332 rino
