3120 4924
766 337 986 410 altu-

261 477 340 552 dem
366 475 513 554 bomani
543 473 713 554 lontibus
739 474 964 571 imponendis
989 475 1105 568 Nupec
1134 480 1247 555 antero
1271 491 1352 554 ome
1381 471 1504 552 mem

263 589 338 666 Suo.
364 589 620 683 Gongmpuioni
642 589 791 666 umatum
805 590 861 666 sit
878 587 1044 682 Officium
1057 589 1296 674 numullarum
1315 586 1507 666 urbicor-

261 700 503 796 lmturuitubun
527 703 622 780 titulo
639 705 783 778 Simone
808 702 1143 800 uturum-ipsuum
1174 697 1503 780 boumuunmi-

260 821 367 890 tatum
393 817 539 903 debitae,
566 817 698 908 alioque
723 816 863 889 mentito
888 816 999 888 colore
1023 821 1156 910 praeter
1180 820 1313 888 scutum
1339 831 1503 896 aureum,

261 929 470 1016 Intortitium
497 937 532 1004 ct
556 931 653 1004 aliam
678 937 848 1003 summam
872 929 1026 1022 erigere;
1053 929 1238 1021 quinimmo
1264 925 1329 1002 sibi
1356 943 1505 1020 mesua-

258 1041 381 1116 untes
405 1043 604 1128 secretario,
622 1043 694 1116 rire
709 1040 917 1116 Amanuunsi
941 1039 1320 1126 brrblconlraterullatis
1335 1037 1506 1132 putative

259 1155 375 1248 quoad
398 1174 517 1238 numen
543 1159 737 1248 competere
759 1154 948 1230 aruntem
972 1153 1214 1232 buusouibentli
1238 1151 1415 1230 ornum
1431 1149 1505 1242 Ag·

260 1269 473 1360 penmonis,
499 1286 643 1343 renuere
659 1267 782 1342 iocum
806 1268 1001 1361 bujmnoui
1017 1269 1195 1348 brumam
1220 1263 1503 1343 uuumcribon-

258 1379 342 1464 (lum
366 1382 499 1463 undere
522 1381 714 1476 petentibus
741 1381 1032 1474 Aggregatiouem,
1049 1383 1093 1458 ab
1116 1383 1190 1476 ejus
1214 1399 1279 1474 pro
1301 1376 1502 1472 bujnamoui

259 1495 514 1586 transcriptione
539 1511 708 1581 summam
724 1493 789 1568 sibi
804 1495 1001 1568 beneuisam
1016 1495 1174 1587 emperor
1194 1494 1405 1586 Quapropter
1419 1491 1500 1564 See.

259 1604 489 1698 Congregatio,
508 1624 552 1678 ne
568 1607 668 1698 longo
693 1607 855 1700 temporis
875 1607 1022 1682 dmursu
1046 1607 1261 1699 uanuurum
1277 1607 1502 1684 Decretnrum

260 1716 381 1790 oblivio
406 1717 598 1804 minuma
628 1725 663 1791 et
690 1723 760 1792 tam
783 1724 932 1804 rueres,
963 1737 1069 1811 quum
1091 1719 1174 1802 nori
1200 1718 1327 1800 abusus
1357 1714 1501 1792 omniuo

257 1836 493 1904 removeantur
518 1829 573 1903 die
598 1835 643 1902 24
669 1831 746 1904 Julii
773 1835 867 1904 libb
894 1831 1102 1906 inhaerendo
1127 1831 1314 1914 emunetatis
1333 1829 1498 1914 nunctis,

259 1948 293 2015 et
316 1942 514 2035 praesertim
540 1943 645 2018 editu.
662 1942 782 2018 diebus
809 1949 831 2036 t
855 1943 964 2019 Martii
993 1949 1100 2030 lucu,
1121 1951 1174 2018 lu
1197 1944 1333 2038 Aprilis,
1360 1943 1500 2018 locto-

257 2051 327 2125 bris
356 2058 470 2139 1720,
496 2061 529 2127 et
556 2059 596 2125 il
633 2054 741 2128 blartii
778 2059 873 2126 1722
899 2055 1093 2128 censuitne
1119 2073 1194 2128 esse
1227 2053 1436 2138 innovanda,
1462 2059 1501 2126 et

257 2165 497 2252 confirmanda,
522 2172 622 2258 prout
645 2168 815 2258 praesenti
839 2169 980 2241 Decreta
1006 2169 1143 2241 innovat
1168 2173 1201 2240 et
1226 2166 1410 2249 confirmat,
1433 2165 1498 2238 ite-

257 2293 403 2370 rumque
427 2278 602 2352 decmnit
593 2297 630 2352 ru
646 2279 793 2371 pacina
817 2297 951 2356 summa
965 2281 1060 2356 scoti
1076 2280 1170 2356 amet
1185 2280 1349 2363 emutat
1363 2277 1498 2372 maula

257 2405 360 2484 supra
385 2391 560 2466 monunu
585 2389 761 2479 contineri

330 2503 506 2586 Praeterea
528 2503 680 2578 beolarat
703 2505 867 2590 nubum
856 2523 923 2598 pus,
948 2505 1153 2599 nullamque
1166 2504 1369 2582 coeuntem
1384 2453 1496 2597 pura·

256 2615 359 2688 mam
376 2622 569 2709 competere
582 2617 777 2690 Semotariis
793 2618 1102 2694 immanuennbus
1117 2617 1258 2712 aliisque
1275 2635 1496 2710 quocumque

256 2729 393 2801 nomine
418 2729 619 2822 nuncupatis
643 2730 801 2804 blinlstris
825 2731 1233 2811 brobiconlraternitatum
1248 2729 1496 2814 unneomu

255 2839 433 2916 wmulrm
459 2840 724 2933 Aggrugationis,
740 2844 892 2938 nihilque
907 2844 993 2920 ultre
1016 2843 1199 2938 praelatam
1214 2861 1384 2926 summum
1399 2844 1495 2930 Sonti

255 2951 347 3024 aurel
380 2969 446 3046 pro
474 2953 669 3046 bojmmoui
701 2957 956 3051 transcriptione
979 2957 1029 3031 tul
1054 2957 1357 3052 comprehensam
1388 2974 1494 3049 supra

251 3063 443 3146 enunciatis
467 3067 638 3160 expensis,
656 3067 793 3163 erigere
807 3088 919 3164 posse,
937 3075 1184 3165 pruptereaque
1198 3068 1337 3152 mandat
1351 3067 1493 3162 singulis

252 3174 447 3265 Ordinibm,
474 3179 712 3273 Religionibus
739 3183 900 3256 institutis
917 3189 951 3258 et
970 3182 1395 3270 urommnbatornltaubns
1419 3182 1494 3275 urri-

251 3287 475 3402 bustumque,
494 3311 681 3389 eorumque
695 3293 945 3388 Superioribus,
963 3296 1123 3376 unone
1138 3303 1171 3371 et
1187 3295 1393 3376 Officialibus
1408 3314 1493 3388 utro

251 3405 400 3494 cumque
420 3406 558 3481 nomine
574 3409 787 3503 nuncupatis,
804 3415 843 3482 ut
858 3410 894 3484 in
910 3409 1131 3504 urpeuenuto
1147 3407 1279 3492 unere
1296 3408 1492 3498 Puwubbus

251 3511 545 3606 Aggregationum
562 3537 624 3595 seu
638 3539 701 3615 pro
717 3521 849 3596 illarum
865 3523 1026 3616 expensis
1042 3542 1145 3617 supra
1162 3523 1333 3616 cupressis
1349 3521 1492 3614 ubisque

247 3625 525 3724 quibuscumque
548 3633 630 3714 uitii
654 3635 742 3710 ultra
767 3641 901 3708 scutum
917 3653 1058 3710 aureum
1081 3635 1147 3710 sub
1164 3637 1285 3729 quovis
1300 3641 1489 3728 praetextu,

249 3743 308 3810 aut
333 3744 485 3830 mannito
510 3745 621 3818 colore
647 3747 747 3821 etiam
772 3755 930 3842 asponte
955 3747 1123 3834 dantibus,
1148 3748 1245 3833 uculo
1259 3749 1414 3833 Strenue,
1432 3754 1491 3822 nul

249 3847 484 3947 eleemosynae
509 3857 660 3950 recipere
675 3857 831 3947 audeaut,
859 3867 916 3935 aut
931 3860 1036 3954 recipi
1051 3861 1253 3954 permittant,
1271 3861 1336 3937 sub
1357 3857 1487 3944 munta

247 3965 367 4054 poenis
392 3985 495 4059 supra
519 3968 683 4059 indimus,
709 3993 754 4048 ue
774 3973 1068 4058 confraternitates
1092 3974 1323 4068 apgrupaudne
1347 3974 1489 4068 sumpti

248 4073 315 4152 bus
339 4078 481 4153 nimium
507 4093 763 4176 proventuum
789 4103 908 4162 omnes
933 4085 1116 4180 intelligant
1141 4089 1303 4163 coelestes
1318 4087 1488 4171 molesia

243 4187 434 4275 thesauros,
460 4211 530 4267 non
555 4205 733 4290 umectus,
761 4207 820 4274 aut
842 4200 982 4293 alcuius
1007 4201 1090 4274 lucri
1116 4217 1233 4287 causa,
1258 4199 1322 4276 sed
1345 4198 1389 4274 ati
1412 4199 1485 4292 pie

243 4303 349 4374 tutem
373 4301 588 4397 potissinum
603 4311 768 4392 icamia
796 4311 1064 4394 animabamur
1079 4313 1292 4412 apotomae
1314 4309 1485 4390 Sedisbe
