3182 4922
599 369 646 396 ···
673 345 744 414 atu
770 374 816 394 ·-

172 479 218 551 l.⁰
241 481 295 552 An
322 480 533 573 Rescripnum
563 501 638 553 san.
669 502 736 578 me.
771 483 826 556 Pii
860 482 928 553 PP.
968 482 1030 553 lli
1058 479 1196 553 erteudi
1220 481 1328 574 possit

103 591 198 662 eiiam
222 592 271 664 nd
297 595 488 686 scapulare
512 595 553 664 B.
580 596 716 666 iturine
749 595 893 686 iirpinis
925 593 967 667 de
998 597 1113 666 ltnnte
1151 595 1326 676 domnelo,

6 747 7 769 r
102 704 171 776 licet
194 704 236 777 de
260 726 300 778 eo
327 709 364 777 in
387 708 534 799 supplici
561 708 675 779 libello
702 725 770 779 nnn
794 709 858 801 fiat
883 728 1044 800 expressa
1069 709 1224 780 unnim?

162 817 217 889 2?
240 821 297 890 An
322 821 535 911 Rescriptum
560 837 634 892 sun.
660 839 725 892 nte.
752 821 808 892 Pii
832 821 901 892 PP.
933 819 996 892 iii
1014 821 1108 911 juxta
1134 819 1237 913 petila
1269 839 1322 892 en·

100 928 185 1000 tendi
208 929 333 1003 debeat
365 948 435 1003 nnn
464 933 575 1004 sulum
607 931 657 1004 ad
691 931 958 1004 deiudicendum
985 933 1192 1024 scapularia
1212 946 1330 1026 puina

98 1042 190 1112 iacti
214 1044 290 1114 nult
312 1045 435 1136 supter
459 1045 603 1124 libellus,
630 1044 690 1116 sed
714 1047 818 1116 etium
844 1045 895 1116 ud
918 1043 1184 1137 dispensandum
1207 1055 1330 1136 appre'

97 1152 226 1244 pandas
250 1175 275 1226 a
300 1159 490 1248 receptione
516 1155 653 1229 labiim
679 1157 723 1229 de
747 1174 856 1228 mnnu
882 1155 1087 1238 Sacerdotis,
1105 1161 1138 1229 a
1153 1155 1331 1229 meantis

97 1265 234 1356 {annali
258 1267 466 1342 admissione
490 1271 528 1341 in
554 1270 882 1362 Confraternilntem
906 1271 947 1341 B.
973 1271 1110 1342 liuciae
1142 1267 1184 1341 de
1216 1267 1331 1341 Monte

99 1379 265 1460 Carmeia,
292 1400 381 1471 puae
405 1387 485 1453 nunt
509 1401 564 1454 res
588 1381 771 1454 distinctae
796 1403 820 1454 u
844 1383 993 1475 simplici
1015 1381 1254 1455 Benedictinne
1266 1377 1331 1452 ia·

96 1489 198 1572 litus,
224 1509 303 1563 mm
329 1494 412 1564 illae
435 1495 528 1565 stare
550 1495 681 1586 passini
704 1497 777 1565 sine
802 1495 888 1574 mia,
916 1493 1205 1584 quemadmodum
1235 1492 1331 1565 siam

93 1619 189 1696 turpe
213 1607 351 1698 snepnts
382 1607 420 1678 in
455 1606 612 1699 fidelibus
648 1608 867 1698 upprepotis,
892 1611 926 1678 et
955 1627 1000 1679 ee
1022 1623 1120 1679 mern
1149 1605 1328 1679 montione

97 1717 285 1790 calcatellus
316 1718 593 1792 Rmedictionem
624 1721 705 1792 rinei
738 1721 939 1813 scapulam
969 1719 1193 1794 substituendi
1227 1715 1333 1794 netem

97 1831 249 1902 utimar
1334 1871 1338 1876 ·

167 1942 221 2015 R?
244 1946 301 2015 ,tm
320 1963 388 2036 per
412 1945 627 2037 Rescriptum
651 1965 725 2017 san.
751 1965 816 2018 me.
841 1947 897 2018 Pii
920 1947 988 2019 PP.
1021 1943 1084 2018 tlt
1096 1947 1173 2020 iicet
1188 1941 1334 2020 mnin-

1 2107 3 2114 >
97 2054 220 2126 matur
243 2057 404 2129 dminrla
427 2059 601 2128 conuann
625 2077 693 2128 non
719 2057 940 2143 obstantibus,
957 2059 1013 2130 cel
1028 2053 1112 2150 puta
1135 2057 1256 2139 nmile,
1273 2057 1333 2131 de-

1 2243 2 2246 ,
94 2173 260 2258 capam
284 2169 329 2240 sil
352 2167 554 2260 sufficienter
575 2170 1028 2262 neminemneminer
1043 2171 1186 2242 Decr'eto
1204 2171 1334 2242 Sacrae

95 2279 382 2372 Cunprepationis
406 2281 544 2373 indulp.
568 2299 677 2374 supra
701 2283 936 2368 enumeratis‚·
960 2279 1048 2354 aden
1078 2285 1134 2362 ul,
1161 2279 1334 2374 depcim

94 2393 313 2486 impositione
338 2393 544 2486 Smpuiaris
566 2413 630 2486 per
653 2413 797 2465 manum
814 2393 1009 2465 memmio
1025 2393 1151 2466 laidem
1165 2391 1333 2485 praesmi-

88 2513 165 2598 pla,
192 2525 237 2579 nc
263 2525 426 2599 expressa
451 2508 641 2598 receptione
665 2506 715 2578 nd
741 2505 1065 2598 Confrnternr'tutem
1095 2503 1244 2587 Ordinis,
1269 2521 1333 2579 eit⁴

94 2619 169 2690 lida
193 2621 242 2691 sit
266 2617 431 2693 admissio
455 2619 610 2712 fidelium
633 2620 671 2692 in
698 2620 1021 2712 Confrntetnitalem
1046 2624 1079 2692 et
1100 2620 1265 2712 panniur
1280 2613 1335 2692 in·

94 2727 293 2822 dnlpentiis,
319 2737 352 2803 et
377 2733 532 2822 pratos?

167 2843 223 2916 1.·
248 2846 305 2915 An
325 2863 391 2936 per
416 2843 689 2916 declarationem
708 2845 933 2936 posteriorem
959 2847 1036 2918 Sne.
1054 2839 1337 2938 conpreputinnis

92 2953 233 3046 mla.
260 2969 355 3026 mnu
383 2959 481 3025 1810
513 2955 682 3026 wlenlem
712 2959 753 3026 ut
780 2957 1005 3028 madantiale
1033 2957 1071 3027 in
1103 2955 1338 3048 npprepandis

92 3067 349 3160 impositionem
374 3065 516 3138 inlitus
539 3066 583 3139 dc
606 3080 715 3139 mann
741 3067 935 3140 Samrdatis
966 3072 1027 3140 eu.
1061 3067 1263 3141 censendum
1293 3067 1338 3141 sit

93 3177 305 3272 deopamm
328 3179 507 3271 Rescripta
533 3197 609 3251 san.
634 3195 700 3251 me.
725 3179 783 3250 Pii
805 3181 874 3252 PP.
904 3178 968 3251 i'ii
988 3197 1081 3252 anno
1109 3179 1235 3252 18031

165 3290 245 3365 Suc.
272 3289 577 3384 congregatione
604 3295 646 3362 31
675 3291 820 3364 innnnn'i
848 3295 943 3363 1818
967 3289 1150 3386 respondit,
1175 3298 1213 3364 nt
1237 3289 1338 3364 iuna:

92 3405 145 3478 Aa
170 3403 323 3499 priunum
349 3431 363 3467 ι
386 3403 596 3476 Affirmntive
619 3431 655 3475 ι.
680 3403 733 3475 Aa
765 3401 952 3477 smnndnm
976 3431 989 3466 ι
1016 3400 1221 3477 Affirmalire
1251 3401 1338 3474 lama

92 3517 201 3592 roho
227 3535 307 3591 unm
333 3517 556 3592 semissano
579 3535 643 3609 pro
666 3516 846 3590 Sannione
871 3517 914 3590 nd
938 3517 1101 3590 muldam
1117 3512 1230 3610 quoad
1244 3529 1340 3609 prae

92 3633 253 3716 ierim,
280 3635 315 3704 et
340 3643 404 3723 pro
428 3629 648 3702 concussione
680 3629 888 3702 extensionis
912 3629 1034 3703 indulti
1059 3635 1225 3722 quatenns
1251 3637 1339 3720 opas

90 3745 134 3818 sit
161 3742 280 3837 quoad
304 3743 456 3816 intutum
474 3771 509 3813 ι.
536 3741 590 3812 Rd
613 3741 748 3814 tertium
772 3741 1007 3817 «affirmative
1031 3741 1067 3815 in
1082 3761 1187 3816 sensu
1205 3753 1339 3834 praece·

90 3856 186 3930 denti
203 3885 240 3927 ι.
267 3853 322 3926 Rd
346 3859 507 3946 quartam
532 3853 747 3944 «Repetite»
771 3859 805 3926 et
829 3855 913 3928 [acm
937 3853 981 3928 de
1005 3855 1162 3927 amnuens
1177 3851 1339 3926 relatione

91 3969 319 4042 Sancnsstmo
342 3967 488 4039 Domino
512 3965 633 4038 Rostro
657 3965 712 4037 die
740 3970 784 4038 19
810 3967 1016 4060 Septembris
1043 3971 1149 4039 1850.
1174 3965 1338 4037 Sanmites

92 4083 161 4156 Sua
188 4081 342 4172 benigne
368 4079 487 4152 annuit
510 4079 546 4151 in
571 4077 728 4152 nunninus
750 4081 845 4170 juxis
869 4081 943 4152 Sec.
960 4077 1231 4173 congregationis
1247 4083 1335 4150 nala.
