3346 4924
686 375 733 398 ...
759 343 829 412 605
856 374 903 394 ..

183 492 250 576 rari
272 491 371 584 jussit
395 487 587 582 derogando
604 489 805 583 ooioomque
829 488 1039 584 Apostolioae
1054 487 1262 586 dispositioni
1284 487 1319 563 in
1335 489 1414 564 'ooo

184 603 322 678 trariom
347 603 446 678 etiam
471 601 625 697 specialis
649 604 833 678 memoriae
857 601 986 696 dignae.
1013 645 1015 653 ·

260 719 381 790 Datum
406 717 532 790 Romae
548 733 592 790 er
609 716 792 790 Seuretarr'a
808 716 883 791 Sao.
901 717 1063 810 congreg.
1080 715 1209 810 lodulp.
1227 722 1261 791 et
1277 707 1416 790 snite

184 829 363 924 liquimum
387 827 443 904 die
468 834 491 901 8
516 829 660 904 tannarii
688 831 794 905 leot.

877 943 914 1019 F.
941 943 1043 1018 Cano.
1069 942 1243 1027 lsourum
1268 943 1390 1017 Peneo.

940 1059 982 1131 Α.
1010 1057 1170 1132 colomeo
1198 1057 1321 1131 secret.

740 1252 866 1328 DCXC.

659 1399 752 1453 mors
777 1401 819 1454 er
845 1399 938 1456 onus

257 1501 342 1578 dom
366 1503 480 1595 piures
512 1501 812 1592 confraternitates,
839 1507 1045 1592 sodalitates,
1071 1508 1149 1581 Piae
1180 1508 1329 1582 lioiones
1354 1513 1416 1581 eto.

184 1598 346 1674 Fidellum
371 1602 530 1684 canonice
555 1611 684 1678 ereotae
709 1607 917 1698 reperiantur
935 1607 970 1680 iu
988 1607 1111 1700 quinos
1136 1606 1199 1682 lool
1224 1605 1418 1682 ordinarias

184 1711 407 1805 designaverit
431 1714 617 1788 Paroolrum
643 1717 702 1808 qoi
726 1719 853 1795 ratione
871 1719 1019 1794 moneris
1036 1719 1130 1812 qood
1153 1727 1288 1794 exerrat
1304 1727 1338 1794 et
1357 1736 1419 1814 pro

185 1833 337 1918 tempore
361 1843 429 1918 quo
455 1845 594 1902 maome
611 1826 758 1920 turpem
774 1831 818 1905 sit
833 1833 1032 1908 constitutos
1047 1827 1419 1916 Contratemitatis‘so·

185 1937 327 2012 dalmtls
352 1943 415 2014 eto.
441 1939 570 2024 nestor,
588 1939 786 2027 lloderator,
803 1961 865 2019 seo
881 1963 1096 2038 quocumque
1121 1945 1216 2020 titolo
1237 1945 1421 2039 appelletur

185 2049 394 2144 proindeque
418 2049 571 2128 neminie
593 2053 717 2146 polleat
741 2071 784 2128 ea
807 2057 954 2147 gerendi,
985 2075 1073 2148 quae
1094 2057 1137 2132 ad
1160 2057 1318 2131 lleetores
1343 2071 1421 2150 spe·

185 2167 280 2239 etant
304 2171 339 2238 et
364 2161 475 2247 eliam,
501 2171 667 2256 quatenus
693 2167 729 2240 in
753 2168 942 2258 respeetlra
958 2167 1131 2244 sodalitate
1155 2167 1190 2242 id
1214 2169 1344 2242 Raetori
1364 2167 1422 2244 tri·

183 2273 317 2359 benur,
343 2271 459 2348 fideles
485 2274 707 2363 adsoriooodi,
724 2278 865 2354 Habitus
881 2279 1102 2355 benedicendi
1119 2283 1153 2355 et
1168 2281 1369 2374 scapularia,
1387 2280 1424 2352 il·

184 2385 284 2480 laooo
300 2385 506 2480 imponendi,
522 2387 670 2464 domnas
687 2395 750 2464 ete
767 2391 891 2483 pariter
906 2391 1125 2467 naoedoeodi
1141 2393 1236 2484 juxta
1252 2389 1423 2468 nemetes

185 2497 229 2573 ad
244 2498 428 2592 quamlibet
443 2497 658 2580 Sodtlitatrm
674 2509 864 2594 monotes
879 2521 941 2598 pro
958 2503 1122 2580 similibus
1140 2501 1423 2598 impositionibus,

184 2611 473 2690 mummolinum
498 2619 581 2699 ein,
607 2620 708 2706 atque
724 2615 865 2693 nonium
881 2623 1038 2692 exortum
1054 2618 1099 2692 sit
1118 2616 1205 2692 enea
1229 2615 1424 2710 huiusmodi

186 2724 452 2817 designationem
477 2725 615 2803 Paroooi
640 2727 745 2804 libere
771 2733 804 2802 et
828 2730 1021 2805 anctoritate
1037 2730 1172 2825 propria
1189 2736 1357 2823 pernetam
1380 2729 1424 2803 alr

188 2837 383 2922 ordinariis,
409 2836 494 2912 nota
517 2838 581 2915 init
603 2839 719 2916 relatio
743 2841 802 2916 SS.
827 2842 866 2914 n.
890 2842 931 2917 N.
955 2844 1014 2918 Plo
1038 2844 1100 2918 PP.
1117 2845 1165 2918 lx
1188 2843 1224 2916 io
1250 2838 1427 2918 ludientia

185 2950 255 3026 diei
271 2954 295 3023 8
311 2950 383 3024 tan.
403 2953 518 3042 l8613
535 2959 570 3026 et
585 2953 748 3028 Saooo'tas
770 2957 837 3028 Sua
853 2953 1046 3048 derogando
1070 2957 1230 3032 omnious
1249 2956 1427 3049 honosque

186 3064 275 3138 eirea
290 3063 378 3138 nano
402 3061 667 3156 designatooem
683 3068 802 3158 quavis
819 3068 1012 3142 sonoritate
1028 3074 1065 3142 et
1078 3067 1199 3160 pueris
1214 3067 1317 3140 modo
1333 3069 1427 3142 aliter

188 3176 401 3272 paeserlpm
425 3176 573 3271 dompne
595 3181 735 3264 sanavit,
761 3187 928 3272 quatenos
944 3197 1031 3273 epos
1047 3181 1100 3265 sit,
1119 3181 1200 3255 tales
1226 3177 1427 3272 designatio·

186 3307 252 3364 nee
277 3289 504 3364 Poroeluorom
528 3309 592 3366 noo
616 3309 684 3366 ooo
710 3298 782 3366 aeta
806 3310 867 3385 per
892 3293 985 3385 ipsos
1009 3299 1181 3385 nmquam
1211 3293 1370 3366 Reotores
1393 3299 1429 3364 et

188 3399 375 3494 adsumptos
400 3419 461 3496 per
486 3402 624 3478 eosdem
640 3403 818 3489 Paroelros,
836 3411 1002 3496 metemus
1018 3405 1167 3478 ltemons
1192 3407 1328 3489 monos,
1359 3421 1429 3496 ooo
1530 3421 1535 3428 ·

187 3515 373 3606 longontor
397 3513 433 3588 io
457 3517 643 3608 respeetiva
668 3515 857 3602 sodalitate,
874 3516 991 3592 lideles
1008 3515 1222 3592 ahmribondi
1242 3517 1295 3601 sit,
1320 3513 1430 3588 valide

190 3626 377 3720 adseriptos
402 3625 578 3705 nmeodm
603 3647 679 3706 esse
705 3629 892 3714 declararit
918 3646 982 3704 nee
1005 3647 1075 3704 ooo
1099 3627 1350 3706 henedictiones
1367 3627 1431 3702 lla-

190 3741 334 3826 bitoum,
362 3740 593 3834 Scapulariom
610 3748 672 3819 eto.
691 3741 896 3816 Coronarum
922 3748 985 3818 eto.
1003 3750 1037 3818 et
1052 3743 1282 3836 impositiones
1299 3747 1362 3818 eto.
1387 3739 1431 3814 ab

191 3852 322 3928 eisdem
347 3852 461 3940 laotos,
478 3861 578 3948 pmot
594 3855 842 3931 maternorum
858 3856 1044 3950 respectiva
1069 3855 1248 3930 sodalitate
1262 3852 1430 3938 tribuitur,

191 3972 283 4040 ratas
307 3963 480 4042 habendas
505 3985 582 4042 esse
605 3969 782 4043 mueessit.
808 3967 926 4056 Quoad
941 3968 1187 4042 lurummuero
1202 3963 1431 4042 liademsao·

194 4078 290 4154 ntitas
315 4078 383 4152 Soa
408 4079 553 4172 benigne
572 4080 734 4174 impertiri
759 4079 894 4172 dignata
909 4086 961 4154 est
977 4086 1015 4154 ot
1031 4077 1193 4153 ordinarii
1219 4079 1367 4152 looomm
1392 4077 1431 4150 li·

190 4190 274 4266 bero
298 4188 478 4284 designare
500 4192 642 4285 possint
668 4193 697 4266 si
721 4193 766 4268 ita
790 4193 826 4266 iu
850 4192 993 4268 Domino
1018 4189 1178 4284 expedire
1200 4189 1431 4286 judicaverint,

195 4303 362 4382 Paroolros
387 4322 449 4398 pro
474 4309 625 4398 tempore
650 4305 880 4392 intentores,
909 4303 1134 4382 Moderatores
1158 4309 1221 4378 eto.
1247 4300 1433 4378 mutuas
