<?xml version="1.0" encoding="UTF-8"?>
<!DOCTYPE html PUBLIC "-//W3C//DTD XHTML 1.0 Transitional//EN"
    "http://www.w3.org/TR/xhtml1/DTD/xhtml1-transitional.dtd">
<html xmlns="http://www.w3.org/1999/xhtml" xml:lang="en" lang="en">
 <head>
  <title>
</title>
<meta http-equiv="Content-Type" content="text/html;charset=utf-8" />
  <meta name='ocr-system' content='tesseract 3.04.00' />
  <meta name='ocr-capabilities' content='ocr_page ocr_carea ocr_par ocr_line ocrx_word'/>
</head>
<body>
  <div class='ocr_page' id='page_1' title='image "./resolutionesseu00pringoog_0097.png"; bbox 0 0 3164 4926; ppageno 0'>
   <div class='ocr_carea' id='block_1_1' title="bbox 801 367 994 432">
    <p class='ocr_par' dir='ltr' id='par_1_1' title="bbox 801 367 994 432">
     <span class='ocr_line' id='line_1_1' title="bbox 801 367 994 432; baseline -0.01 -16"><span class='ocrx_word' id='word_1_1' title='bbox 801 367 994 432; x_wconf 73' lang='lat' dir='ltr'>..gp-</span> 
     </span>
    </p>
   </div>
   <div class='ocr_carea' id='block_1_2' title="bbox 283 494 1520 1605">
    <p class='ocr_par' dir='ltr' id='par_1_2' title="bbox 283 494 1520 1605">
     <span class='ocr_line' id='line_1_2' title="bbox 284 494 1511 589; baseline -0.004 -15"><span class='ocrx_word' id='word_1_2' title='bbox 284 516 349 574; x_wconf 93' lang='lat' dir='ltr'>nus</span> <span class='ocrx_word' id='word_1_3' title='bbox 373 499 492 577; x_wconf 90' lang='lat' dir='ltr'>Noster</span> <span class='ocrx_word' id='word_1_4' title='bbox 516 499 714 576; x_wconf 75' lang='lat' dir='ltr'>Benedictus</span> <span class='ocrx_word' id='word_1_5' title='bbox 741 499 802 574; x_wconf 88' lang='lat' dir='ltr'>PP.</span> <span class='ocrx_word' id='word_1_6' title='bbox 829 502 905 574; x_wconf 86' lang='lat' dir='ltr'>lllV</span> <span class='ocrx_word' id='word_1_7' title='bbox 931 500 995 574; x_wconf 91' lang='lat' dir='ltr'>sub</span> <span class='ocrx_word' id='word_1_8' title='bbox 1024 501 1068 570; x_wconf 78' lang='lat' dir='ltr'>lb</span> <span class='ocrx_word' id='word_1_9' title='bbox 1094 495 1169 572; x_wconf 86' lang='lat' dir='ltr'>lulli</span> <span class='ocrx_word' id='word_1_10' title='bbox 1189 499 1281 569; x_wconf 63' lang='lat' dir='ltr'>llis</span> <span class='ocrx_word' id='word_1_11' title='bbox 1307 494 1451 589; x_wconf 81' lang='lat' dir='ltr'>benigne</span> <span class='ocrx_word' id='word_1_12' title='bbox 1476 495 1511 569; x_wconf 94' lang='lat' dir='ltr'>in</span> 
     </span>
     <span class='ocr_line' id='line_1_3' title="bbox 284 610 1516 708; baseline -0.005 -20"><span class='ocrx_word' id='word_1_13' title='bbox 284 621 485 708; x_wconf 91' lang='lat' dir='ltr'>perpetuum</span> <span class='ocrx_word' id='word_1_14' title='bbox 510 613 646 688; x_wconf 82' lang='lat' dir='ltr'>indulsit</span> <span class='ocrx_word' id='word_1_15' title='bbox 670 620 708 687; x_wconf 91' lang='lat' dir='ltr'>ut</span> <span class='ocrx_word' id='word_1_16' title='bbox 732 614 862 699; x_wconf 83' lang='lat' dir='ltr'>Missae,</span> <span class='ocrx_word' id='word_1_17' title='bbox 889 631 976 705; x_wconf 86' lang='lat' dir='ltr'>quae</span> <span class='ocrx_word' id='word_1_18' title='bbox 999 613 1094 705; x_wconf 83' lang='lat' dir='ltr'>juxta</span> <span class='ocrx_word' id='word_1_19' title='bbox 1118 610 1399 696; x_wconf 77' lang='lat' dir='ltr'>constitutiones,</span> <span class='ocrx_word' id='word_1_20' title='bbox 1439 617 1471 682; x_wconf 90' lang='lat' dir='ltr'>et</span> <span class='ocrx_word' id='word_1_21' title='bbox 1496 629 1516 682; x_wconf 91' lang='lat' dir='ltr'>a</span> 
     </span>
     <span class='ocr_line' id='line_1_4' title="bbox 285 721 1515 820; baseline -0.005 -20"><span class='ocrx_word' id='word_1_22' title='bbox 285 727 521 802; x_wconf 80' lang='lat' dir='ltr'>Sacerdotibus</span> <span class='ocrx_word' id='word_1_23' title='bbox 548 727 701 820; x_wconf 85' lang='lat' dir='ltr'>ejusdem</span> <span class='ocrx_word' id='word_1_24' title='bbox 725 726 860 800; x_wconf 87' lang='lat' dir='ltr'>Ordinis</span> <span class='ocrx_word' id='word_1_25' title='bbox 885 727 920 798; x_wconf 90' lang='lat' dir='ltr'>iu</span> <span class='ocrx_word' id='word_1_26' title='bbox 946 727 1039 799; x_wconf 91' lang='lat' dir='ltr'>obitu</span> <span class='ocrx_word' id='word_1_27' title='bbox 1056 723 1232 817; x_wconf 76' lang='lat' dir='ltr'>cuiuslibet</span> <span class='ocrx_word' id='word_1_28' title='bbox 1247 724 1370 796; x_wconf 84' lang='lat' dir='ltr'>Fratris</span> <span class='ocrx_word' id='word_1_29' title='bbox 1383 721 1515 796; x_wconf 91' lang='lat' dir='ltr'>Ordinis</span> 
     </span>
     <span class='ocr_line' id='line_1_5' title="bbox 283 835 1518 932; baseline -0.006 -18"><span class='ocrx_word' id='word_1_30' title='bbox 283 837 455 932; x_wconf 86' lang='lat' dir='ltr'>praedioli,</span> <span class='ocrx_word' id='word_1_31' title='bbox 482 839 535 913; x_wconf 85' lang='lat' dir='ltr'>vel</span> <span class='ocrx_word' id='word_1_32' title='bbox 561 840 623 913; x_wconf 91' lang='lat' dir='ltr'>alio</span> <span class='ocrx_word' id='word_1_33' title='bbox 649 837 703 912; x_wconf 91' lang='lat' dir='ltr'>die</span> <span class='ocrx_word' id='word_1_34' title='bbox 728 857 789 932; x_wconf 94' lang='lat' dir='ltr'>pro</span> <span class='ocrx_word' id='word_1_35' title='bbox 816 838 968 930; x_wconf 84' lang='lat' dir='ltr'>ejusdem</span> <span class='ocrx_word' id='word_1_36' title='bbox 993 838 1113 924; x_wconf 90' lang='lat' dir='ltr'>anima,</span> <span class='ocrx_word' id='word_1_37' title='bbox 1141 855 1228 929; x_wconf 89' lang='lat' dir='ltr'>quae</span> <span class='ocrx_word' id='word_1_38' title='bbox 1252 838 1321 908; x_wconf 87' lang='lat' dir='ltr'>beo</span> <span class='ocrx_word' id='word_1_39' title='bbox 1346 835 1382 907; x_wconf 91' lang='lat' dir='ltr'>in</span> <span class='ocrx_word' id='word_1_40' title='bbox 1407 835 1518 907; x_wconf 88' lang='lat' dir='ltr'>Chari-</span> 
     </span>
     <span class='ocr_line' id='line_1_6' title="bbox 284 948 1520 1045; baseline -0.01 -13"><span class='ocrx_word' id='word_1_41' title='bbox 284 959 353 1032; x_wconf 76' lang='lat' dir='ltr'>tate</span> <span class='ocrx_word' id='word_1_42' title='bbox 378 953 555 1045; x_wconf 86' lang='lat' dir='ltr'>conjuncta</span> <span class='ocrx_word' id='word_1_43' title='bbox 580 952 622 1025; x_wconf 85' lang='lat' dir='ltr'>ab</span> <span class='ocrx_word' id='word_1_44' title='bbox 648 952 712 1024; x_wconf 89' lang='lat' dir='ltr'>bac</span> <span class='ocrx_word' id='word_1_45' title='bbox 744 953 819 1026; x_wconf 93' lang='lat' dir='ltr'>luce</span> <span class='ocrx_word' id='word_1_46' title='bbox 845 952 1036 1043; x_wconf 80' lang='lat' dir='ltr'>migraverit</span> <span class='ocrx_word' id='word_1_47' title='bbox 1061 950 1105 1024; x_wconf 89' lang='lat' dir='ltr'>ad</span> <span class='ocrx_word' id='word_1_48' title='bbox 1142 949 1380 1041; x_wconf 86' lang='lat' dir='ltr'>quodcumque</span> <span class='ocrx_word' id='word_1_49' title='bbox 1419 948 1520 1020; x_wconf 89' lang='lat' dir='ltr'>altare</span> 
     </span>
     <span class='ocr_line' id='line_1_7' title="bbox 284 1059 1520 1157; baseline -0.005 -19"><span class='ocrx_word' id='word_1_50' title='bbox 284 1064 509 1138; x_wconf 83' lang='lat' dir='ltr'>Ecclesiarum</span> <span class='ocrx_word' id='word_1_51' title='bbox 533 1064 694 1157; x_wconf 87' lang='lat' dir='ltr'>praedicti</span> <span class='ocrx_word' id='word_1_52' title='bbox 710 1063 845 1137; x_wconf 89' lang='lat' dir='ltr'>Ordinis</span> <span class='ocrx_word' id='word_1_53' title='bbox 861 1070 930 1137; x_wconf 85' lang='lat' dir='ltr'>tam</span> <span class='ocrx_word' id='word_1_54' title='bbox 949 1070 1144 1148; x_wconf 86' lang='lat' dir='ltr'>erectarum,</span> <span class='ocrx_word' id='word_1_55' title='bbox 1163 1081 1265 1153; x_wconf 89' lang='lat' dir='ltr'>quam</span> <span class='ocrx_word' id='word_1_56' title='bbox 1285 1059 1520 1152; x_wconf 84' lang='lat' dir='ltr'>erigendarum</span> 
     </span>
     <span class='ocr_line' id='line_1_8' title="bbox 285 1171 1517 1269; baseline -0.002 -20"><span class='ocrx_word' id='word_1_57' title='bbox 285 1177 553 1262; x_wconf 84' lang='lat' dir='ltr'>celebrabrmtur,</span> <span class='ocrx_word' id='word_1_58' title='bbox 576 1178 718 1262; x_wconf 88' lang='lat' dir='ltr'>animae,</span> <span class='ocrx_word' id='word_1_59' title='bbox 744 1197 806 1269; x_wconf 91' lang='lat' dir='ltr'>pru</span> <span class='ocrx_word' id='word_1_60' title='bbox 832 1195 900 1268; x_wconf 85' lang='lat' dir='ltr'>qua</span> <span class='ocrx_word' id='word_1_61' title='bbox 925 1176 1111 1250; x_wconf 84' lang='lat' dir='ltr'>celebratae</span> <span class='ocrx_word' id='word_1_62' title='bbox 1136 1174 1258 1248; x_wconf 90' lang='lat' dir='ltr'>luerint</span> <span class='ocrx_word' id='word_1_63' title='bbox 1282 1173 1423 1267; x_wconf 87' lang='lat' dir='ltr'>perinde</span> <span class='ocrx_word' id='word_1_64' title='bbox 1448 1171 1517 1246; x_wconf 88' lang='lat' dir='ltr'>sui-</span> 
     </span>
     <span class='ocr_line' id='line_1_9' title="bbox 285 1286 1447 1384; baseline -0.003 -20"><span class='ocrx_word' id='word_1_65' title='bbox 285 1288 467 1383; x_wconf 81' lang='lat' dir='ltr'>irageutur,</span> <span class='ocrx_word' id='word_1_66' title='bbox 493 1309 533 1364; x_wconf 88' lang='lat' dir='ltr'>ao</span> <span class='ocrx_word' id='word_1_67' title='bbox 556 1290 597 1376; x_wconf 91' lang='lat' dir='ltr'>si,</span> <span class='ocrx_word' id='word_1_68' title='bbox 624 1288 666 1363; x_wconf 89' lang='lat' dir='ltr'>ad</span> <span class='ocrx_word' id='word_1_69' title='bbox 691 1290 792 1364; x_wconf 87' lang='lat' dir='ltr'>altare</span> <span class='ocrx_word' id='word_1_70' title='bbox 816 1290 1061 1384; x_wconf 82' lang='lat' dir='ltr'>privilegiatum</span> <span class='ocrx_word' id='word_1_71' title='bbox 1087 1288 1272 1362; x_wconf 87' lang='lat' dir='ltr'>celebratae</span> <span class='ocrx_word' id='word_1_72' title='bbox 1296 1286 1447 1360; x_wconf 89' lang='lat' dir='ltr'>luissent.</span> 
     </span>
     <span class='ocr_line' id='line_1_10' title="bbox 907 1399 1346 1475; baseline -0.007 0"><span class='ocrx_word' id='word_1_73' title='bbox 907 1403 944 1475; x_wconf 88' lang='lat' dir='ltr'>L.</span> <span class='ocrx_word' id='word_1_74' title='bbox 971 1402 1075 1475; x_wconf 75' lang='lat' dir='ltr'>Oeno.</span> <span class='ocrx_word' id='word_1_75' title='bbox 1103 1401 1199 1473; x_wconf 79' lang='lat' dir='ltr'>Picus</span> <span class='ocrx_word' id='word_1_76' title='bbox 1224 1399 1346 1473; x_wconf 77' lang='lat' dir='ltr'>Pnunr.</span> 
     </span>
     <span class='ocr_line' id='line_1_11' title="bbox 797 1513 1447 1605; baseline -0.006 -17"><span class='ocrx_word' id='word_1_77' title='bbox 797 1517 837 1588; x_wconf 84' lang='grc' dir='ltr'>Α.</span> <span class='ocrx_word' id='word_1_78' title='bbox 864 1517 910 1590; x_wconf 88' lang='lat' dir='ltr'>M.</span> <span class='ocrx_word' id='word_1_79' title='bbox 937 1516 1033 1587; x_wconf 84' lang='lat' dir='ltr'>Erbo</span> <span class='ocrx_word' id='word_1_80' title='bbox 1058 1515 1152 1587; x_wconf 84' lang='lat' dir='ltr'>Prot.</span> <span class='ocrx_word' id='word_1_81' title='bbox 1179 1513 1295 1605; x_wconf 82' lang='lat' dir='ltr'>Apost.</span> <span class='ocrx_word' id='word_1_82' title='bbox 1323 1514 1447 1588; x_wconf 80' lang='lat' dir='ltr'>secret.</span> 
     </span>
    </p>
   </div>
   <div class='ocr_carea' id='block_1_3' title="bbox 850 1713 966 1787">
    <p class='ocr_par' dir='ltr' id='par_1_3' title="bbox 850 1713 966 1787">
     <span class='ocr_line' id='line_1_12' title="bbox 850 1713 966 1787; baseline 0 0"><span class='ocrx_word' id='word_1_83' title='bbox 850 1713 966 1787; x_wconf 83' lang='lat' dir='ltr'><strong>CXIX.</strong></span> 
     </span>
    </p>
   </div>
   <div class='ocr_carea' id='block_1_4' title="bbox 605 1857 1203 1914">
    <p class='ocr_par' dir='ltr' id='par_1_4' title="bbox 605 1857 1203 1914">
     <span class='ocr_line' id='line_1_13' title="bbox 605 1857 1203 1914; baseline -0.003 0"><span class='ocrx_word' id='word_1_84' title='bbox 605 1859 733 1914; x_wconf 76' lang='lat' dir='ltr'>uncinis</span> <span class='ocrx_word' id='word_1_85' title='bbox 759 1859 905 1914; x_wconf 79' lang='lat' dir='ltr'>umdnutt</span> <span class='ocrx_word' id='word_1_86' title='bbox 933 1857 1203 1914; x_wconf 77' lang='lat' dir='ltr'>caeeuccmonuu</span> 
     </span>
    </p>
   </div>
   <div class='ocr_carea' id='block_1_5' title="bbox 289 1963 1531 3072">
    <p class='ocr_par' dir='ltr' id='par_1_5' title="bbox 289 1963 1531 3072">
     <span class='ocr_line' id='line_1_14' title="bbox 360 1963 1524 2058; baseline -0.003 -18"><span class='ocrx_word' id='word_1_87' title='bbox 360 1965 475 2058; x_wconf 85' lang='lat' dir='ltr'>Nuper</span> <span class='ocrx_word' id='word_1_88' title='bbox 500 1966 736 2041; x_wconf 85' lang='lat' dir='ltr'>sanctissimus</span> <span class='ocrx_word' id='word_1_89' title='bbox 753 1968 915 2040; x_wconf 85' lang='lat' dir='ltr'>Dominus</span> <span class='ocrx_word' id='word_1_90' title='bbox 932 1968 1051 2043; x_wconf 89' lang='lat' dir='ltr'>Noster</span> <span class='ocrx_word' id='word_1_91' title='bbox 1067 1966 1268 2040; x_wconf 86' lang='lat' dir='ltr'>Benedictus</span> <span class='ocrx_word' id='word_1_92' title='bbox 1285 1965 1348 2038; x_wconf 88' lang='lat' dir='ltr'>PP.</span> <span class='ocrx_word' id='word_1_93' title='bbox 1369 1963 1445 2038; x_wconf 85' lang='lat' dir='ltr'>XlV</span> <span class='ocrx_word' id='word_1_94' title='bbox 1461 1965 1524 2038; x_wconf 92' lang='lat' dir='ltr'>sub</span> 
     </span>
     <span class='ocr_line' id='line_1_15' title="bbox 289 2077 1526 2174; baseline -0.002 -23"><span class='ocrx_word' id='word_1_95' title='bbox 289 2077 344 2151; x_wconf 90' lang='lat' dir='ltr'>die</span> <span class='ocrx_word' id='word_1_96' title='bbox 371 2083 416 2148; x_wconf 77' lang='lat' dir='ltr'>lb</span> <span class='ocrx_word' id='word_1_97' title='bbox 441 2079 518 2151; x_wconf 90' lang='lat' dir='ltr'>lulli</span> <span class='ocrx_word' id='word_1_98' title='bbox 546 2083 638 2151; x_wconf 79' lang='lat' dir='ltr'>tcta</span> <span class='ocrx_word' id='word_1_99' title='bbox 665 2081 700 2152; x_wconf 91' lang='lat' dir='ltr'>in</span> <span class='ocrx_word' id='word_1_100' title='bbox 726 2087 927 2174; x_wconf 90' lang='lat' dir='ltr'>perpetuum</span> <span class='ocrx_word' id='word_1_101' title='bbox 944 2081 1118 2164; x_wconf 89' lang='lat' dir='ltr'>concessit,</span> <span class='ocrx_word' id='word_1_102' title='bbox 1137 2086 1175 2153; x_wconf 92' lang='lat' dir='ltr'>ut</span> <span class='ocrx_word' id='word_1_103' title='bbox 1190 2081 1312 2154; x_wconf 85' lang='lat' dir='ltr'>Missae</span> <span class='ocrx_word' id='word_1_104' title='bbox 1329 2097 1415 2170; x_wconf 89' lang='lat' dir='ltr'>quae</span> <span class='ocrx_word' id='word_1_105' title='bbox 1429 2079 1526 2170; x_wconf 82' lang='lat' dir='ltr'>juxta</span> 
     </span>
     <span class='ocr_line' id='line_1_16' title="bbox 289 2190 1527 2285; baseline -0.002 -21"><span class='ocrx_word' id='word_1_106' title='bbox 289 2190 549 2265; x_wconf 75' lang='lat' dir='ltr'>constitutiones</span> <span class='ocrx_word' id='word_1_107' title='bbox 574 2191 707 2266; x_wconf 88' lang='lat' dir='ltr'>Ordinis</span> <span class='ocrx_word' id='word_1_108' title='bbox 724 2194 890 2267; x_wconf 88' lang='lat' dir='ltr'>llinorum</span> <span class='ocrx_word' id='word_1_109' title='bbox 903 2195 938 2265; x_wconf 91' lang='lat' dir='ltr'>S.</span> <span class='ocrx_word' id='word_1_110' title='bbox 952 2193 1118 2266; x_wconf 83' lang='lat' dir='ltr'>Francisci</span> <span class='ocrx_word' id='word_1_111' title='bbox 1135 2192 1424 2285; x_wconf 85' lang='lat' dir='ltr'>Cappuccinomm</span> <span class='ocrx_word' id='word_1_112' title='bbox 1441 2209 1527 2262; x_wconf 91' lang='lat' dir='ltr'>nun·</span> 
     </span>
     <span class='ocr_line' id='line_1_17' title="bbox 289 2303 1525 2398; baseline -0.002 -22"><span class='ocrx_word' id='word_1_113' title='bbox 289 2310 448 2398; x_wconf 85' lang='lat' dir='ltr'>cupatum</span> <span class='ocrx_word' id='word_1_114' title='bbox 473 2305 516 2378; x_wconf 90' lang='lat' dir='ltr'>ab</span> <span class='ocrx_word' id='word_1_115' title='bbox 543 2305 695 2397; x_wconf 85' lang='lat' dir='ltr'>ejusdem</span> <span class='ocrx_word' id='word_1_116' title='bbox 721 2306 958 2380; x_wconf 88' lang='lat' dir='ltr'>Sacerdotibus</span> <span class='ocrx_word' id='word_1_117' title='bbox 983 2307 1019 2378; x_wconf 93' lang='lat' dir='ltr'>in</span> <span class='ocrx_word' id='word_1_118' title='bbox 1057 2306 1150 2379; x_wconf 92' lang='lat' dir='ltr'>obitu</span> <span class='ocrx_word' id='word_1_119' title='bbox 1188 2305 1365 2397; x_wconf 84' lang='lat' dir='ltr'>cujuslibet</span> <span class='ocrx_word' id='word_1_120' title='bbox 1401 2303 1525 2376; x_wconf 84' lang='lat' dir='ltr'>Fratris</span> 
     </span>
     <span class='ocr_line' id='line_1_18' title="bbox 289 2415 1525 2512; baseline -0.002 -22"><span class='ocrx_word' id='word_1_121' title='bbox 289 2415 484 2509; x_wconf 81' lang='lat' dir='ltr'>hujusmodi</span> <span class='ocrx_word' id='word_1_122' title='bbox 509 2418 551 2491; x_wconf 85' lang='lat' dir='ltr'>ab</span> <span class='ocrx_word' id='word_1_123' title='bbox 575 2419 639 2494; x_wconf 88' lang='lat' dir='ltr'>bac</span> <span class='ocrx_word' id='word_1_124' title='bbox 663 2420 737 2493; x_wconf 94' lang='lat' dir='ltr'>luce</span> <span class='ocrx_word' id='word_1_125' title='bbox 762 2420 946 2512; x_wconf 84' lang='lat' dir='ltr'>migrantis,</span> <span class='ocrx_word' id='word_1_126' title='bbox 974 2420 1027 2492; x_wconf 85' lang='lat' dir='ltr'>vel</span> <span class='ocrx_word' id='word_1_127' title='bbox 1053 2420 1116 2492; x_wconf 92' lang='lat' dir='ltr'>alio</span> <span class='ocrx_word' id='word_1_128' title='bbox 1143 2418 1196 2492; x_wconf 92' lang='lat' dir='ltr'>die</span> <span class='ocrx_word' id='word_1_129' title='bbox 1214 2417 1256 2490; x_wconf 92' lang='lat' dir='ltr'>ad</span> <span class='ocrx_word' id='word_1_130' title='bbox 1283 2416 1525 2509; x_wconf 86' lang='lat' dir='ltr'>quodcumque</span> 
     </span>
     <span class='ocr_line' id='line_1_19' title="bbox 290 2529 1529 2623; baseline -0.001 -23"><span class='ocrx_word' id='word_1_131' title='bbox 290 2529 393 2604; x_wconf 90' lang='lat' dir='ltr'>altare</span> <span class='ocrx_word' id='word_1_132' title='bbox 417 2529 642 2604; x_wconf 86' lang='lat' dir='ltr'>Ecclesiarum</span> <span class='ocrx_word' id='word_1_133' title='bbox 668 2531 795 2604; x_wconf 87' lang='lat' dir='ltr'>ordinis</span> <span class='ocrx_word' id='word_1_134' title='bbox 821 2531 985 2623; x_wconf 83' lang='lat' dir='ltr'>ejusmodi</span> <span class='ocrx_word' id='word_1_135' title='bbox 1010 2537 1079 2604; x_wconf 90' lang='lat' dir='ltr'>tam</span> <span class='ocrx_word' id='word_1_136' title='bbox 1104 2535 1314 2614; x_wconf 88' lang='lat' dir='ltr'>erectamm,</span> <span class='ocrx_word' id='word_1_137' title='bbox 1353 2547 1457 2620; x_wconf 84' lang='lat' dir='ltr'>quarn</span> <span class='ocrx_word' id='word_1_138' title='bbox 1495 2529 1529 2600; x_wconf 92' lang='lat' dir='ltr'>in</span> 
     </span>
     <span class='ocr_line' id='line_1_20' title="bbox 290 2639 1528 2734; baseline -0.003 -19"><span class='ocrx_word' id='word_1_139' title='bbox 290 2649 465 2734; x_wconf 89' lang='lat' dir='ltr'>posterum</span> <span class='ocrx_word' id='word_1_140' title='bbox 490 2643 724 2734; x_wconf 84' lang='lat' dir='ltr'>erigendarum</span> <span class='ocrx_word' id='word_1_141' title='bbox 750 2644 1024 2732; x_wconf 86' lang='lat' dir='ltr'>celebrabuntur;</span> <span class='ocrx_word' id='word_1_142' title='bbox 1050 2643 1276 2734; x_wconf 78' lang='lat' dir='ltr'>suffragentur</span> <span class='ocrx_word' id='word_1_143' title='bbox 1301 2661 1339 2714; x_wconf 90' lang='lat' dir='ltr'>ac</span> <span class='ocrx_word' id='word_1_144' title='bbox 1365 2642 1394 2713; x_wconf 91' lang='lat' dir='ltr'>si</span> <span class='ocrx_word' id='word_1_145' title='bbox 1420 2639 1467 2712; x_wconf 91' lang='lat' dir='ltr'>ad</span> <span class='ocrx_word' id='word_1_146' title='bbox 1484 2640 1528 2711; x_wconf 88' lang='lat' dir='ltr'>al·</span> 
     </span>
     <span class='ocr_line' id='line_1_21' title="bbox 289 2751 1528 2845; baseline -0.001 -21"><span class='ocrx_word' id='word_1_147' title='bbox 289 2759 362 2826; x_wconf 87' lang='lat' dir='ltr'>tare</span> <span class='ocrx_word' id='word_1_148' title='bbox 386 2752 631 2845; x_wconf 84' lang='lat' dir='ltr'>privilegiatum</span> <span class='ocrx_word' id='word_1_149' title='bbox 657 2755 841 2828; x_wconf 89' lang='lat' dir='ltr'>celebratae</span> <span class='ocrx_word' id='word_1_150' title='bbox 866 2755 1020 2828; x_wconf 85' lang='lat' dir='ltr'>luissent.</span> <span class='ocrx_word' id='word_1_151' title='bbox 1039 2755 1126 2827; x_wconf 88' lang='lat' dir='ltr'>Cum</span> <span class='ocrx_word' id='word_1_152' title='bbox 1143 2772 1223 2827; x_wconf 89' lang='lat' dir='ltr'>vero</span> <span class='ocrx_word' id='word_1_153' title='bbox 1240 2754 1326 2826; x_wconf 87' lang='lat' dir='ltr'>sicut</span> <span class='ocrx_word' id='word_1_154' title='bbox 1342 2751 1528 2825; x_wconf 91' lang='lat' dir='ltr'>modernus</span> 
     </span>
     <span class='ocr_line' id='line_1_22' title="bbox 291 2863 1529 2960; baseline -0.001 -24"><span class='ocrx_word' id='word_1_155' title='bbox 291 2863 490 2938; x_wconf 87' lang='lat' dir='ltr'>Procurator</span> <span class='ocrx_word' id='word_1_156' title='bbox 506 2865 677 2939; x_wconf 88' lang='lat' dir='ltr'>Generalis</span> <span class='ocrx_word' id='word_1_157' title='bbox 691 2867 825 2940; x_wconf 92' lang='lat' dir='ltr'>Ordinis</span> <span class='ocrx_word' id='word_1_158' title='bbox 840 2868 977 2960; x_wconf 90' lang='lat' dir='ltr'>praelati</span> <span class='ocrx_word' id='word_1_159' title='bbox 990 2867 1177 2939; x_wconf 89' lang='lat' dir='ltr'>humillime</span> <span class='ocrx_word' id='word_1_160' title='bbox 1190 2866 1391 2958; x_wconf 86' lang='lat' dir='ltr'>exponebat,</span> <span class='ocrx_word' id='word_1_161' title='bbox 1409 2883 1529 2938; x_wconf 91' lang='lat' dir='ltr'>omnes</span> 
     </span>
     <span class='ocr_line' id='line_1_23' title="bbox 291 2976 1531 3072; baseline 0.001 -23"><span class='ocrx_word' id='word_1_162' title='bbox 291 2981 327 3049; x_wconf 89' lang='lat' dir='ltr'>et</span> <span class='ocrx_word' id='word_1_163' title='bbox 351 2976 473 3068; x_wconf 78' lang='lat' dir='ltr'>singuli</span> <span class='ocrx_word' id='word_1_164' title='bbox 498 2979 690 3053; x_wconf 90' lang='lat' dir='ltr'>sacerdotes</span> <span class='ocrx_word' id='word_1_165' title='bbox 714 2987 783 3054; x_wconf 92' lang='lat' dir='ltr'>tres</span> <span class='ocrx_word' id='word_1_166' title='bbox 808 2981 927 3054; x_wconf 85' lang='lat' dir='ltr'>blissas</span> <span class='ocrx_word' id='word_1_167' title='bbox 952 2999 1014 3072; x_wconf 90' lang='lat' dir='ltr'>pro</span> <span class='ocrx_word' id='word_1_168' title='bbox 1040 2979 1152 3052; x_wconf 87' lang='lat' dir='ltr'>anima</span> <span class='ocrx_word' id='word_1_169' title='bbox 1172 2980 1415 3071; x_wconf 85' lang='lat' dir='ltr'>cujuscumque</span> <span class='ocrx_word' id='word_1_170' title='bbox 1440 2995 1531 3052; x_wconf 93' lang='lat' dir='ltr'>sum·</span> 
     </span>
    </p>
   </div>
   <div class='ocr_carea' id='block_1_6' title="bbox 291 3087 1534 3857">
    <p class='ocr_par' dir='ltr' id='par_1_6' title="bbox 291 3087 1534 3857">
     <span class='ocr_line' id='line_1_24' title="bbox 293 3087 1532 3184; baseline 0.002 -24"><span class='ocrx_word' id='word_1_171' title='bbox 293 3087 341 3160; x_wconf 95' lang='lat' dir='ltr'>mi</span> <span class='ocrx_word' id='word_1_172' title='bbox 365 3088 545 3177; x_wconf 85' lang='lat' dir='ltr'>Pontilicis,</span> <span class='ocrx_word' id='word_1_173' title='bbox 563 3098 596 3164; x_wconf 90' lang='lat' dir='ltr'>et</span> <span class='ocrx_word' id='word_1_174' title='bbox 612 3091 797 3165; x_wconf 77' lang='lat' dir='ltr'>tardastis</span> <span class='ocrx_word' id='word_1_175' title='bbox 823 3092 1090 3175; x_wconf 67' lang='lat' dir='ltr'>protermines</span> <span class='ocrx_word' id='word_1_176' title='bbox 1111 3091 1334 3184; x_wconf 91' lang='lat' dir='ltr'>imperaturis,</span> <span class='ocrx_word' id='word_1_177' title='bbox 1353 3096 1455 3181; x_wconf 78' lang='lat' dir='ltr'>aune</span> <span class='ocrx_word' id='word_1_178' title='bbox 1471 3093 1532 3162; x_wconf 83' lang='lat' dir='ltr'>lte</span> 
     </span>
     <span class='ocr_line' id='line_1_25' title="bbox 292 3200 1532 3296; baseline 0 -22"><span class='ocrx_word' id='word_1_179' title='bbox 292 3200 356 3292; x_wconf 76' lang='lat' dir='ltr'>gis,</span> <span class='ocrx_word' id='word_1_180' title='bbox 373 3219 437 3274; x_wconf 90' lang='lat' dir='ltr'>nec</span> <span class='ocrx_word' id='word_1_181' title='bbox 453 3221 522 3277; x_wconf 92' lang='lat' dir='ltr'>non</span> <span class='ocrx_word' id='word_1_182' title='bbox 542 3203 685 3289; x_wconf 91' lang='lat' dir='ltr'>illorum,</span> <span class='ocrx_word' id='word_1_183' title='bbox 703 3205 762 3296; x_wconf 90' lang='lat' dir='ltr'>qui</span> <span class='ocrx_word' id='word_1_184' title='bbox 779 3205 975 3296; x_wconf 90' lang='lat' dir='ltr'>Superiores</span> <span class='ocrx_word' id='word_1_185' title='bbox 991 3205 1134 3295; x_wconf 84' lang='lat' dir='ltr'>blajores</span> <span class='ocrx_word' id='word_1_186' title='bbox 1150 3203 1303 3296; x_wconf 87' lang='lat' dir='ltr'>ejusdem</span> <span class='ocrx_word' id='word_1_187' title='bbox 1320 3201 1446 3276; x_wconf 89' lang='lat' dir='ltr'>ordinis</span> <span class='ocrx_word' id='word_1_188' title='bbox 1465 3203 1532 3275; x_wconf 87' lang='lat' dir='ltr'>lue</span> 
     </span>
     <span class='ocr_line' id='line_1_26' title="bbox 293 3314 1532 3407; baseline 0 -22"><span class='ocrx_word' id='word_1_189' title='bbox 293 3318 392 3398; x_wconf 90' lang='lat' dir='ltr'>runt,</span> <span class='ocrx_word' id='word_1_190' title='bbox 418 3314 478 3406; x_wconf 88' lang='lat' dir='ltr'>qui</span> <span class='ocrx_word' id='word_1_191' title='bbox 503 3333 523 3390; x_wconf 88' lang='lat' dir='ltr'>e</span> <span class='ocrx_word' id='word_1_192' title='bbox 547 3315 632 3388; x_wconf 82' lang='lat' dir='ltr'>vivis</span> <span class='ocrx_word' id='word_1_193' title='bbox 658 3316 863 3390; x_wconf 87' lang='lat' dir='ltr'>decesserint</span> <span class='ocrx_word' id='word_1_194' title='bbox 893 3316 1062 3390; x_wconf 87' lang='lat' dir='ltr'>celebrare</span> <span class='ocrx_word' id='word_1_195' title='bbox 1086 3317 1231 3400; x_wconf 90' lang='lat' dir='ltr'>soleant,</span> <span class='ocrx_word' id='word_1_196' title='bbox 1259 3334 1297 3388; x_wconf 88' lang='lat' dir='ltr'>ac</span> <span class='ocrx_word' id='word_1_197' title='bbox 1322 3315 1532 3407; x_wconf 83' lang='lat' dir='ltr'>priuilegium</span> 
     </span>
     <span class='ocr_line' id='line_1_27' title="bbox 291 3423 1533 3518; baseline 0 -22"><span class='ocrx_word' id='word_1_198' title='bbox 291 3440 357 3516; x_wconf 91' lang='lat' dir='ltr'>pro</span> <span class='ocrx_word' id='word_1_199' title='bbox 382 3423 445 3496; x_wconf 92' lang='lat' dir='ltr'>illis</span> <span class='ocrx_word' id='word_1_200' title='bbox 471 3423 514 3498; x_wconf 89' lang='lat' dir='ltr'>ad</span> <span class='ocrx_word' id='word_1_201' title='bbox 540 3426 712 3518; x_wconf 84' lang='lat' dir='ltr'>quodlibet</span> <span class='ocrx_word' id='word_1_202' title='bbox 737 3428 837 3502; x_wconf 89' lang='lat' dir='ltr'>altare</span> <span class='ocrx_word' id='word_1_203' title='bbox 863 3429 1087 3502; x_wconf 87' lang='lat' dir='ltr'>Ecclesiarum</span> <span class='ocrx_word' id='word_1_204' title='bbox 1112 3427 1245 3500; x_wconf 90' lang='lat' dir='ltr'>Ordinis</span> <span class='ocrx_word' id='word_1_205' title='bbox 1271 3425 1465 3518; x_wconf 76' lang='lat' dir='ltr'>huiusmodi</span> <span class='ocrx_word' id='word_1_206' title='bbox 1491 3423 1533 3496; x_wconf 93' lang='lat' dir='ltr'>ad</span> 
     </span>
     <span class='ocr_line' id='line_1_28' title="bbox 297 3535 1533 3632; baseline 0.002 -25"><span class='ocrx_word' id='word_1_207' title='bbox 297 3535 522 3627; x_wconf 83' lang='lat' dir='ltr'>septemnium</span> <span class='ocrx_word' id='word_1_208' title='bbox 548 3540 654 3612; x_wconf 92' lang='lat' dir='ltr'>semel</span> <span class='ocrx_word' id='word_1_209' title='bbox 683 3541 736 3613; x_wconf 79' lang='lat' dir='ltr'>uel</span> <span class='ocrx_word' id='word_1_210' title='bbox 768 3540 894 3632; x_wconf 88' lang='lat' dir='ltr'>pluries</span> <span class='ocrx_word' id='word_1_211' title='bbox 920 3541 1094 3613; x_wconf 91' lang='lat' dir='ltr'>obtentum</span> <span class='ocrx_word' id='word_1_212' title='bbox 1120 3539 1234 3624; x_wconf 89' lang='lat' dir='ltr'>luerit,</span> <span class='ocrx_word' id='word_1_213' title='bbox 1261 3539 1337 3612; x_wconf 92' lang='lat' dir='ltr'>ideo</span> <span class='ocrx_word' id='word_1_214' title='bbox 1363 3537 1533 3632; x_wconf 86' lang='lat' dir='ltr'>praedicto</span> 
     </span>
     <span class='ocr_line' id='line_1_29' title="bbox 295 3647 1532 3743; baseline -0.002 -24"><span class='ocrx_word' id='word_1_215' title='bbox 295 3647 511 3724; x_wconf 87' lang='lat' dir='ltr'>Procuratore</span> <span class='ocrx_word' id='word_1_216' title='bbox 528 3649 682 3724; x_wconf 89' lang='lat' dir='ltr'>Generali</span> <span class='ocrx_word' id='word_1_217' title='bbox 697 3652 924 3743; x_wconf 89' lang='lat' dir='ltr'>supplicante,</span> <span class='ocrx_word' id='word_1_218' title='bbox 950 3651 1077 3724; x_wconf 82' lang='lat' dir='ltr'>Eadem</span> <span class='ocrx_word' id='word_1_219' title='bbox 1103 3652 1266 3724; x_wconf 85' lang='lat' dir='ltr'>Sanctitas</span> <span class='ocrx_word' id='word_1_220' title='bbox 1293 3651 1362 3724; x_wconf 89' lang='lat' dir='ltr'>Sua</span> <span class='ocrx_word' id='word_1_221' title='bbox 1386 3649 1451 3724; x_wconf 94' lang='lat' dir='ltr'>sub</span> <span class='ocrx_word' id='word_1_222' title='bbox 1478 3647 1532 3720; x_wconf 93' lang='lat' dir='ltr'>die</span> 
     </span>
     <span class='ocr_line' id='line_1_30' title="bbox 300 3760 1534 3857; baseline 0.004 -29"><span class='ocrx_word' id='word_1_223' title='bbox 300 3762 345 3829; x_wconf 86' lang='lat' dir='ltr'>l9</span> <span class='ocrx_word' id='word_1_224' title='bbox 360 3760 567 3853; x_wconf 89' lang='lat' dir='ltr'>Septembris</span> <span class='ocrx_word' id='word_1_225' title='bbox 581 3762 734 3854; x_wconf 85' lang='lat' dir='ltr'>ejusdem</span> <span class='ocrx_word' id='word_1_226' title='bbox 751 3765 828 3834; x_wconf 91' lang='lat' dir='ltr'>anni</span> <span class='ocrx_word' id='word_1_227' title='bbox 846 3765 1016 3837; x_wconf 90' lang='lat' dir='ltr'>indultum</span> <span class='ocrx_word' id='word_1_228' title='bbox 1029 3765 1213 3856; x_wconf 88' lang='lat' dir='ltr'>praelatum</span> <span class='ocrx_word' id='word_1_229' title='bbox 1226 3781 1288 3857; x_wconf 92' lang='lat' dir='ltr'>pro</span> <span class='ocrx_word' id='word_1_230' title='bbox 1305 3762 1413 3836; x_wconf 89' lang='lat' dir='ltr'>tribus</span> <span class='ocrx_word' id='word_1_231' title='bbox 1430 3779 1534 3834; x_wconf 89' lang='lat' dir='ltr'>enun-</span> 
     </span>
    </p>
   </div>
   <div class='ocr_carea' id='block_1_7' title="bbox 298 3870 1536 4535">
    <p class='ocr_par' dir='ltr' id='par_1_7' title="bbox 298 3870 1536 4535">
     <span class='ocr_line' id='line_1_31' title="bbox 299 3870 1535 3968; baseline 0.001 -26"><span class='ocrx_word' id='word_1_232' title='bbox 299 3870 391 3944; x_wconf 85' lang='lat' dir='ltr'>tiatis</span> <span class='ocrx_word' id='word_1_233' title='bbox 417 3873 527 3947; x_wconf 89' lang='lat' dir='ltr'>llissis</span> <span class='ocrx_word' id='word_1_234' title='bbox 553 3874 595 3947; x_wconf 91' lang='lat' dir='ltr'>ad</span> <span class='ocrx_word' id='word_1_235' title='bbox 622 3875 861 3968; x_wconf 82' lang='lat' dir='ltr'>quodcumque</span> <span class='ocrx_word' id='word_1_236' title='bbox 886 3875 998 3949; x_wconf 83' lang='lat' dir='ltr'>Altare</span> <span class='ocrx_word' id='word_1_237' title='bbox 1019 3877 1242 3949; x_wconf 83' lang='lat' dir='ltr'>Ecclesiarum</span> <span class='ocrx_word' id='word_1_238' title='bbox 1259 3874 1483 3967; x_wconf 87' lang='lat' dir='ltr'>praelatarum</span> <span class='ocrx_word' id='word_1_239' title='bbox 1500 3873 1535 3943; x_wconf 89' lang='lat' dir='ltr'>in</span> 
     </span>
     <span class='ocr_line' id='line_1_32' title="bbox 298 3985 1536 4078; baseline -0.001 -22"><span class='ocrx_word' id='word_1_240' title='bbox 298 3991 499 4077; x_wconf 88' lang='lat' dir='ltr'>perpetuum</span> <span class='ocrx_word' id='word_1_241' title='bbox 524 3985 671 4078; x_wconf 84' lang='lat' dir='ltr'>benigne</span> <span class='ocrx_word' id='word_1_242' title='bbox 697 3988 857 4063; x_wconf 83' lang='lat' dir='ltr'>extendit.</span> <span class='ocrx_word' id='word_1_243' title='bbox 885 3987 959 4062; x_wconf 90' lang='lat' dir='ltr'>Non</span> <span class='ocrx_word' id='word_1_244' title='bbox 981 3990 1190 4062; x_wconf 90' lang='lat' dir='ltr'>obstantibus</span> <span class='ocrx_word' id='word_1_245' title='bbox 1216 3990 1250 4060; x_wconf 94' lang='lat' dir='ltr'>in</span> <span class='ocrx_word' id='word_1_246' title='bbox 1272 3987 1475 4060; x_wconf 89' lang='lat' dir='ltr'>contrarium</span> <span class='ocrx_word' id='word_1_247' title='bbox 1491 3985 1536 4056; x_wconf 89' lang='lat' dir='ltr'>la-</span> 
     </span>
     <span class='ocr_line' id='line_1_33' title="bbox 299 4095 1536 4194; baseline 0.002 -28"><span class='ocrx_word' id='word_1_248' title='bbox 299 4095 451 4168; x_wconf 82' lang='lat' dir='ltr'>centibus</span> <span class='ocrx_word' id='word_1_249' title='bbox 485 4096 769 4194; x_wconf 85' lang='lat' dir='ltr'>quibuscumque.</span> <span class='ocrx_word' id='word_1_250' title='bbox 795 4100 975 4192; x_wconf 90' lang='lat' dir='ltr'>Voluitque</span> <span class='ocrx_word' id='word_1_251' title='bbox 1008 4102 1170 4174; x_wconf 89' lang='lat' dir='ltr'>Sanctitas</span> <span class='ocrx_word' id='word_1_252' title='bbox 1196 4101 1265 4174; x_wconf 91' lang='lat' dir='ltr'>Sua</span> <span class='ocrx_word' id='word_1_253' title='bbox 1288 4099 1376 4172; x_wconf 87' lang='lat' dir='ltr'>banc</span> <span class='ocrx_word' id='word_1_254' title='bbox 1396 4098 1536 4192; x_wconf 81' lang='lat' dir='ltr'>gratiam</span> 
     </span>
     <span class='ocr_line' id='line_1_34' title="bbox 299 4205 1128 4308; baseline 0.01 -30"><span class='ocrx_word' id='word_1_255' title='bbox 299 4205 473 4305; x_wconf 79' lang='lat' dir='ltr'>suffragari</span> <span class='ocrx_word' id='word_1_256' title='bbox 498 4210 627 4306; x_wconf 83' lang='lat' dir='ltr'>absque</span> <span class='ocrx_word' id='word_1_257' title='bbox 652 4215 719 4290; x_wconf 89' lang='lat' dir='ltr'>ulla</span> <span class='ocrx_word' id='word_1_258' title='bbox 744 4214 859 4290; x_wconf 86' lang='lat' dir='ltr'>Brevis</span> <span class='ocrx_word' id='word_1_259' title='bbox 885 4212 1128 4308; x_wconf 85' lang='lat' dir='ltr'>expedictione.</span> 
     </span>
     <span class='ocr_line' id='line_1_35' title="bbox 1019 4325 1456 4400; baseline -0.011 -2"><span class='ocrx_word' id='word_1_260' title='bbox 1019 4325 1056 4400; x_wconf 86' lang='lat' dir='ltr'>t.</span> <span class='ocrx_word' id='word_1_261' title='bbox 1083 4326 1186 4400; x_wconf 78' lang='lat' dir='ltr'>Canu.</span> <span class='ocrx_word' id='word_1_262' title='bbox 1213 4325 1308 4399; x_wconf 89' lang='lat' dir='ltr'>Prcus</span> <span class='ocrx_word' id='word_1_263' title='bbox 1333 4325 1456 4400; x_wconf 78' lang='lat' dir='ltr'>enum.</span> 
     </span>
     <span class='ocr_line' id='line_1_36' title="bbox 903 4437 1535 4535; baseline -0.008 -21"><span class='ocrx_word' id='word_1_264' title='bbox 903 4441 943 4514; x_wconf 85' lang='lat' dir='ltr'>A.</span> <span class='ocrx_word' id='word_1_265' title='bbox 961 4441 1007 4518; x_wconf 86' lang='lat' dir='ltr'>tlt.</span> <span class='ocrx_word' id='word_1_266' title='bbox 1026 4439 1121 4516; x_wconf 76' lang='lat' dir='ltr'>lictu</span> <span class='ocrx_word' id='word_1_267' title='bbox 1146 4441 1241 4520; x_wconf 86' lang='lat' dir='ltr'>Prot.</span> <span class='ocrx_word' id='word_1_268' title='bbox 1266 4440 1382 4535; x_wconf 74' lang='lat' dir='ltr'>apost.</span> <span class='ocrx_word' id='word_1_269' title='bbox 1410 4437 1535 4512; x_wconf 81' lang='lat' dir='ltr'>Socrui.</span> 
     </span>
    </p>
   </div>
   <div class='ocr_carea' id='block_1_8' title="bbox 0 0 1606 4926">
    <p class='ocr_par' dir='ltr' id='par_1_8' title="bbox 0 0 1606 4926">
     <span class='ocr_line' id='line_1_37' title="bbox 0 0 1606 4926; baseline 0 0"><span class='ocrx_word' id='word_1_270' title='bbox 0 0 1606 4926; x_wconf 95' lang='lat' dir='ltr'> </span> 
     </span>
    </p>
   </div>
  </div>
 </body>
</html>
