3120 4924
799 323 1016 392 -sts-

284 463 331 542 do
356 479 435 541 roro
459 459 686 556 ροουίιουωε,
711 458 886 538 confessae
899 460 946 534 ad
961 461 996 534 S.
1013 461 1272 543 Eucharisticsm
1287 461 1430 541 Ilenstm
1444 465 1494 540 de·

285 583 362 652 rote
387 575 546 652 accedant
571 581 605 650 et
626 576 723 668 juxta
747 581 896 650 mentem
922 574 1110 650 sanctitatis
1135 575 1223 650 Suae
1246 575 1318 670 pias
1342 575 1383 653 sd
1401 577 1495 654 deum

284 707 404 787 preces
430 687 613 765 adundant.
639 689 781 782 Insuper
806 689 971 762 mucessit
995 687 1237 781 indulgentiam
1261 695 1496 782 septemanas

284 821 361 878 rum
386 808 450 878 etc.
475 802 511 874 in
535 801 673 894 retinuit
700 806 830 894 septem
856 799 975 876 debus
1000 800 1194 894 hujusmodi
1216 801 1246 874 si
1263 800 1496 878 sndemderutc

285 916 487 1012 peregerint.
514 913 678 991 Omnibus
710 915 834 1007 pariter
866 914 1063 990 nonninus
1094 913 1289 1006 praedictis,
1321 933 1405 1008 quas
1430 933 1497 990 rere

285 1028 514 1124 poenitentes,
540 1026 713 1104 mutuasse
746 1026 915 1118 Sacraque
942 1025 1188 1100 cummunione
1217 1026 1357 1102 retectae
1386 1028 1497 1102 inuua

287 1141 343 1218 die
375 1140 553 1234 cujustibet
583 1139 711 1214 mensis
743 1138 786 1214 ait
818 1139 992 1212 ordinario
1019 1139 1125 1214 semel
1156 1145 1286 1214 tantum
1313 1139 1498 1234 designanda

289 1260 422 1349 septem
445 1252 569 1328 Altaria
594 1252 679 1328 intra
705 1251 848 1329 cumina
872 1251 951 1329 dicti
974 1252 1164 1349 Monastetii
1180 1253 1243 1328 sita
1268 1252 1382 1328 desole
1406 1253 1497 1328 snitu

287 1368 407 1452 verint,
433 1367 547 1459 ibique
571 1371 737 1458 utsupra
761 1365 928 1441 creseunt
952 1371 990 1438 ut
1014 1383 1072 1440 aas
1095 1381 1213 1442 omnes
1238 1372 1272 1440 ot
1295 1366 1435 1459 singutas
1456 1367 1496 1438 ln

287 1480 475 1576 dulgenties
500 1485 534 1552 et
559 1485 772 1572 pennatorum
796 1478 1012 1552 remissiones
1038 1485 1072 1552 et
1091 1480 1369 1572 poeuiimtimm
1391 1480 1497 1554 relaxa·

286 1594 396 1670 dones
434 1596 704 1684 consequantur,
744 1607 829 1683 quas
859 1597 1147 1683 consequerentur
1179 1591 1208 1664 si
1237 1598 1365 1686 septem
1395 1590 1497 1666 Altaria

287 1705 446 1780 Basilicas
469 1703 649 1778 Vedcauae
674 1701 718 1779 ad
741 1701 778 1776 id
802 1703 972 1795 designata
993 1703 1212 1796 personaliier
1237 1723 1276 1778 ac
1299 1705 1415 1780 devote
1435 1701 1496 1776 rni-

287 1824 398 1893 tarent
421 1817 602 1891 clementer
627 1815 784 1908 elargitus
810 1822 870 1890 est.
898 1815 1070 1890 Concussit
1102 1817 1225 1909 parIter
1258 1817 1398 1902 eisdem,
1425 1831 1495 1908 quae

289 1937 328 2005 ut
351 1948 454 2023 snpra
477 1929 513 2002 in
538 1935 681 2020 qnamcr
706 1930 784 2002 anni
810 1928 930 2004 denus
955 1929 997 2003 ab
1023 1927 1196 2004 ordinario
1222 1928 1436 2023 desIgnandis·
1450 1927 1496 2000 ds·

290 2049 367 2117 rute
392 2041 595 2116 clauserint
619 2059 722 2136 supra
746 2041 833 2116 dicta
858 2041 980 2114 Altaria
997 2059 1059 2114 seu
1075 2042 1261 2136 cappellus,
1279 2061 1335 2116 eas
1352 2059 1458 2115 omues
1471 2043 1497 2112 et

289 2155 439 2248 singulas
463 2153 690 2246 indulgentias
715 2173 800 2246 quas
825 2159 1111 2247 consequerentur
1134 2155 1163 2227 si
1180 2162 1311 2249 septem
1327 2154 1435 2228 Almae
1448 2152 1496 2224 Ur·

290 2269 344 2343 bis
368 2267 534 2341 Ecclesiae
560 2266 603 2339 ad
627 2265 662 2338 id
687 2267 876 2360 designatas
900 2266 1118 2360 personaliter
1144 2285 1182 2340 ac
1202 2267 1324 2342 devote
1339 2267 1496 2340 visitarent.

289 2381 339 2458 Ac
363 2379 501 2454 demum
525 2378 671 2470 bsmgne
695 2379 884 2472 impertitus
909 2384 962 2452 est
990 2377 1187 2472 supradictis
1218 2378 1413 2462 Monialiltus
1435 2392 1498 2448 rere

291 2493 556 2591 pendentibus,
589 2491 752 2566 comesis
782 2511 821 2566 ac
852 2492 886 2566 S.
918 2491 1161 2568 communicas
1192 2486 1498 2584 scientissimis

290 2613 435 2701 mratuor
460 2605 538 2680 anni
563 2603 682 2678 diebus
708 2604 837 2682 scalam
861 2605 947 2678 intra
978 2604 1121 2682 claustra
1152 2603 1308 2698 ejusdem
1334 2597 1498 2682 nonanti

290 2721 391 2797 sitam
415 2725 448 2794 et
473 2717 612 2793 cratoni
636 2721 766 2794 tuntum
790 2716 989 2792 destinatam
1014 2719 1069 2811 pie
1098 2733 1137 2792 ac
1169 2716 1292 2796 dcrete
1324 2714 1496 2794 ascendent.

291 2849 350 2908 eas
376 2847 493 2908 omnes
519 2836 552 2905 et
576 2829 724 2923 singulas
749 2825 985 2924 Indulgentias',
1002 2845 1093 2923 qum
1106 2837 1391 2924 consequerentur
1406 2829 1433 2902 si
1450 2825 1498 2900 eis

292 2943 372 3020 dem
396 2943 515 3019 diebns
540 2943 670 3016 Scalum
696 2943 851 3016 Sanctam
875 2943 919 3018 de
943 2943 1033 3018 Urbe
1058 2943 1179 3019 darete
1204 2945 1427 3020 ascenderent.
1444 2937 1497 3012 ltu·

291 3057 420 3148 luitque
443 3054 570 3132 Itadam
587 3055 749 3134 Sanctitas
767 3057 834 3130 Sua
851 3073 970 3129 omnes
986 3055 1194 3148 supradictas
1214 3058 1337 3149 gratas
1352 3049 1497 3150 perpetus

292 3170 413 3247 inturts
438 3169 646 3263 temporibus
672 3169 800 3260 absque
826 3168 891 3242 nita
907 3168 1022 3242 Brevis
1039 3167 1253 3262 expeditione
1269 3171 1339 3245 iore
1355 3167 1495 3243 adimes·

366 3284 487 3358 Datum
512 3284 637 3356 Romae
662 3301 707 3355 eu
732 3279 914 3356 secretaria
944 3281 1018 3368 Sac.
1048 3281 1320 3376 congegationis
1343 3279 1495 3370 Indulgen-

294 3397 415 3472 ticrnm
439 3396 495 3472 die
521 3401 540 3470 t
567 3395 655 3472 tnnii
684 3399 789 3470 lton.

844 3507 884 3581 Α.
911 3507 1014 3583 Cursu.
1040 3506 1212 3583 Cousmrus
1237 3509 1438 3584 Pau-Penus.

980 3621 1013 3694 S.
1039 3623 1172 3716 Bcrpic
1198 3623 1321 3700 &eret
1369 3621 1370 3626 ‘

814 3815 1009 3894 CCCXVIII.

321 4023 324 4030 ,
717 3961 895 4018 maurum
921 3964 1099 4022 nommmu

366 4067 421 4144 Ad
444 4067 646 4144 humillimas
670 4085 787 4162 preces
812 4069 1010 4146 innatissae
1034 4079 1068 4146 et
1098 4071 1289 4148 Martialium
1314 4055 1495 4146 sanctissimi

295 4181 412 4258 Cordis
435 4183 517 4256 lesu
538 4183 728 4260 Mouasmrii
751 4182 942 4257 mosche
968 4183 1002 4256 iu
1027 4185 1198 4259 Kesroano
1219 4177 1496 4260 Provinciaetim·

294 4295 338 4370 tis
362 4294 478 4374 Iinmi
505 4295 571 4372 suh
595 4295 820 4372 inuhatu
850 4294 1059 4372 Antiocheno
1091 4297 1327 4376 sanctissimus
1358 4291 1496 4374 munos
