3214 4928
606 391 798 457 ...45-

118 521 198 594 nodo
218 523 325 596 statim
348 543 384 596 ac
401 543 489 618 opus
513 525 720 618 praedictum
746 526 917 619 expletum
943 525 1042 601 luerit
1065 542 1182 620 preces
1206 544 1321 621 supra·

115 644 287 710 memomtas
313 639 412 712 flexis
438 639 580 730 genibus
605 639 726 714 deuote
750 641 899 714 recitent.

169 751 279 825 llatum
304 751 360 828 die
386 759 408 824 5
436 751 630 828 Decembris
659 758 765 828 1797.

546 877 550 884 ·
710 867 747 939 L.
774 866 878 938 Grau.
906 867 1001 940 Picus
1028 868 1149 940 Palas.

539 976 698 1072 chltcet
725 980 863 1054 Coenus
888 977 931 1054 de
955 980 1172 1074 Hieronymis
1197 980 1320 1054 secret

649 1177 761 1250 Llllll.

516 1319 645 1374 onnuns
671 1319 897 1374 clamosum.

163 1423 210 1498 ld
233 1427 444 1500 humillimas
468 1445 587 1520 preces
613 1427 839 1500 procuratoris
864 1423 1036 1500 Generalis
1061 1423 1214 1518 ejusdem
1230 1423 1325 1498 Ordi-

107 1536 205 1611 nisdle
219 1544 264 1611 16
282 1539 459 1613 Februarii
486 1543 579 1611 {729
606 1538 807 1612 Benedictus
819 1539 895 1611 lllll
914 1539 1061 1631 henigne
1075 1538 1240 1612 concessit
1260 1537 1326 1632 pri·

107 1649 240 1742 rlegtum
257 1653 493 1746 quotidianum
518 1661 720 1746 perpetuum
745 1670 808 1746 pro
834 1651 991 1726 omnibus
1008 1651 1175 1725 uteribus
1195 1651 1325 1726 91119-

107 1763 183 1835 noos
205 1765 238 1836 iu
265 1766 427 1840 omnihus
453 1765 609 1839 Ecclesiis
635 1763 875 1856 Menaenorum
908 1771 942 1838 ct
973 1763 1165 1838 llonialium
1190 1763 1325 1836 Ordinis

107 1873 394 1964 tarnusiauomm,
421 1880 455 1952 in
481 1879 605 1971 quibus
623 1897 691 1952 non
709 1879 872 1972 reperitur
897 1895 1107 1964 concessum,
1133 1895 1210 1950 cum
1227 1895 1324 1951 revo-

106 1989 212 2064 catione
237 1993 383 2066 aliorum
408 1991 452 2065 ad
478 1999 612 2085 tempus
638 2007 886 2066 concessomm.
913 1988 1034 2066 Datum
1059 1991 1186 2068 Romae
1211 1999 1273 2066 etc.

648 2128 762 2264 cxlv.

551 2333 856 2389 tnsntttonontrtrtn.

163 2441 211 2512 ln
234 2442 270 2516 oi
297 2442 558 2535 cccreqotionis
583 2443 755 2516 Ecclesiae
772 2440 1000 2515 Latmcnertsi
1016 2455 1210 2514 concessum
1226 2437 1324 2514 intel·

107 2547 216 2640 lmotrn
235 2556 465 2648 prioitcnium
488 2556 644 2628 attaris?
936 2559 941 2570 '

164 2667 231 2740 Sac.
258 2667 573 2761 congregatione
601 2673 622 2740 9
649 2669 724 2744 lteii
752 2673 846 2742 tran
873 2665 1045 2761 respondit
1081 2663 1314 2759 ‹negative›

536 2833 540 2840 “
656 2869 756 2942 cxv.

163 3003 210 3076 ld
233 3006 442 3080 humillimas
467 3025 585 3101 preces
611 3010 646 3080 P.
673 3008 810 3082 loannis
835 3009 953 3100 'lnouy
974 3007 1222 3080 Provinciamm
1248 3005 1327 3080 Ger·

106 3119 411 3212 nmo-Belgicarnm
439 3121 575 3213 aganus
601 3122 773 3195 Generalis
806 3121 1043 3194 sanctissimus
1076 3120 1239 3193 Dominus
1264 3119 1327 3194 No

107 3231 160 3297 iter
180 3231 380 3306 Benedictus
406 3235 468 3305 PF.
494 3235 570 3306 lllll
596 3234 729 3318 annuit,
763 3233 855 3324 quod
888 3231 1055 3305 Ecclesiae
1089 3231 1241 3304 Fratrum
1270 3230 1329 3304 lili·
1380 3284 1386 3296 .

107 3355 207 3416 norum
231 3344 499 3420 Recollectorum
525 3346 718 3419 Provinciae
744 3345 943 3418 Germaniae
969 3344 1161 3437 superioris,
1180 3343 1252 3416 sire
1268 3343 1329 3414 Ar·

109 3457 238 3537 gmtioae
266 3458 435 3551 gaudeant
461 3459 635 3550 privilegio
655 3466 818 3551 perpetuo
836 3476 898 3551 pro
915 3457 1047 3530 duabus
1072 3457 1162 3530 terils
1187 3455 1223 3527 in
1248 3451 1329 3528 hen

110 3559 228 3643 domada
262 3573 394 3664 absque
428 3573 646 3664 expressione
678 3572 811 3645 numeri
844 3571 1040 3653 llissarum,
1067 3569 1102 3642 in
1128 3567 1191 3641 illis
1215 3572 1330 3640 tamen

111 3671 241 3756 irensis
272 3685 304 3756 in
333 3683 457 3777 quihus
483 3683 615 3756 Fratres
632 3682 719 3756 illius
737 3684 930 3757 Provinciae
946 3680 1172 3767 lttissionilrus,
1199 3685 1233 3752 et
1258 3677 1330 3752 aliis

113 3783 221 3867 Pietatis
245 3804 282 3870 et
305 3795 551 3870 Misericordiae
577 3796 736 3889 operibus
762 3795 914 3890 occupati
940 3795 1162 3870 determinato
1187 3808 1330 3865 numero

112 3895 263 3980 Miserum
304 3909 452 4000 injuncto
490 3908 524 3980 in
562 3908 693 3982 lodulto
732 3909 877 4000 generali
910 3907 976 3982 snb
1014 3905 1069 3980 die
1102 3910 1145 3976 11
1180 3901 1332 3996 septem·

114 4005 279 4092 9191795
306 4021 497 4096 satislacere
522 4039 591 4095 non
616 4029 769 4115 possunt.
796 4022 918 4094 Datum
943 4019 998 4094 die
1025 4022 1073 4089 20
1097 4016 1175 4090 lulli
1195 4018 1301 4089 lltttt.

629 4135 659 4206 1.
686 4132 969 4230 Arctimiscopus
1000 4130 1081 4224 lini
1108 4129 1231 4205 secret.
