3182 4922
759 353 978 418 -530-

256 493 408 570 sitandae
423 511 459 582 ¹3
485 491 528 564 de
553 491 710 564 omnibus
736 507 797 581 per
812 507 869 562 me
887 487 1134 582 infrascriptum
1159 491 1234 562 Sac.
1260 489 1495 582 congregatio·

239 609 311 682 ·nis
327 605 536 681 cardinalem
551 603 758 680 Praefectum
770 601 990 676 sanctissimo
1003 603 1145 676 Domino
1158 603 1278 677 Nostro
1294 604 1356 675 PP.
1375 604 1434 676 Pio
1447 605 1497 678 ix

255 723 341 796 beta
365 719 427 794 init
451 718 566 791 relatio
593 718 628 790 in
652 715 831 790 tumentia
857 715 923 789 diei
951 720 996 788 ii
1023 717 1128 790 Martii
1157 723 1262 802 isti,
1280 723 1314 790 et
1329 717 1497 789 Sanctitas

256 835 325 908 Sua
350 831 394 904 dc
419 829 608 923 Aposurns
633 829 847 920 benignitate,
862 827 1113 902 resolutionem
1138 828 1292 922 ejusdem
1316 831 1391 902 Sac.
1409 828 1498 902 Gon·

255 944 457 1038 megabarris
470 942 675 1035 approbavit,
690 959 729 1012 ac
740 941 949 1034 propositam
961 941 1151 1014 iacuiiatom
1164 941 1347 1014 ordinariis
1359 941 1397 1013 in
1412 959 1499 1015 casu

256 1064 291 1132 ut
316 1057 360 1130 au
385 1055 541 1130 orntum
567 1051 610 1130 de
636 1071 704 1147 quo
729 1073 831 1148 supra
857 1054 1002 1146 benigne
1027 1054 1204 1140 concessit,
1222 1061 1255 1128 et
1271 1061 1308 1128 ut
1324 1053 1498 1146 praedicta

255 1169 438 1245 concessio
464 1168 621 1243 omnibus
646 1167 790 1260 patabat,
809 1183 870 1260 per
886 1169 1064 1240 Decretum
1082 1168 1237 1260 generate
1253 1165 1498 1259 publicantium

255 1301 333 1358 osse
358 1280 537 1356 mandarit.
565 1283 687 1356 batum
712 1282 838 1354 nonas
855 1299 900 1354 es
925 1281 1109 1356 secretaria
1125 1281 1200 1353 Suc.
1218 1280 1496 1374 congregationis

256 1395 552 1488 indulgentiarum.

951 1507 988 1580 F.
1015 1506 1119 1580 Gran.
1145 1503 1320 1590 Asconius
1344 1506 1471 1580 Parsa.

1011 1619 1051 1690 Α.
1081 1618 1243 1693 Commio
1268 1619 1395 1692 Socrui.

787 1813 985 1892 nenniu-

778 1960 969 2014 unrocsn.

329 2067 417 2141 Ante
434 2072 591 2161 ternpore
617 2069 791 2140 luctuosae
816 2067 1003 2140 memoriae
1018 2067 1286 2160 perturbationis
1311 2067 1349 2139 in
1377 2068 1501 2144 Guiiia

254 2198 346 2253 anno
374 2183 469 2251 iiiiii
496 2181 533 2252 in
553 2179 712 2272 pluribus
731 2179 900 2251 Dioecesis
917 2180 1108 2252 briocensis
1125 2181 1281 2253 Ecclesiis
1300 2179 1499 2254 Porocbia·

254 2294 341 2367 tibus
366 2293 557 2366 eaistebant
584 2292 888 2386 confraternitates
907 2311 995 2387 puae
1012 2294 1175 2366 cononice
1187 2293 1327 2385 suerunt
1344 2300 1494 2377 erectae,

254 2407 353 2479 sicuti
370 2404 484 2479 adbuc
505 2424 573 2498 pro
600 2403 857 2495 oiipnibnseom
874 2409 1007 2478 constat
1024 2406 1228 2479 authenticis
1252 2411 1496 2489 monumentis,

254 2531 344 2610 quoe
369 2516 506 2608 quidem
531 2517 701 2590 Ecclesiae
727 2514 887 2608 dispersis
912 2535 969 2588 seu
996 2519 1113 2590 accisis
1135 2518 1345 2609 pastoribus,
1374 2517 1500 2594 dereb-

256 2633 331 2702 ctae
356 2628 494 2721 purant
519 2629 573 2700 uei
598 2625 735 2700 dirutae
760 2629 827 2700 «Vi
854 2627 1062 2701 concordati
1078 2629 1120 2702 de
1136 2630 1237 2704 rebus
1261 2631 1498 2706 acclamasticis

256 2740 346 2812 inter
361 2739 513 2830 primum
534 2737 712 2812 Consulem
728 2745 760 2812 et
777 2741 916 2814 Aimom
944 2741 1085 2812 Curiam
1110 2743 1232 2832 (on-no
1260 2745 1350 2814 i80t
1374 2741 1434 2815 riis
1453 2749 1498 2814 ib

257 2851 341 2924 tutti
365 2851 466 2923 artic.
493 2855 515 2921 9
523 2851 555 2940 ).
583 2852 685 2926 Noua
711 2853 978 2944 circumscriptio
1004 2855 1141 2926 succerio
1157 2855 1334 2948 praesenti
1358 2855 1501 2930 meista

255 2964 351 3058 iacto
375 2962 442 3056 uir
467 2965 693 3037 Pareciarum
717 2966 754 3037 in
780 2967 931 3039 Dieecesi
956 2965 1147 3052 Briucensi,
1173 2965 1233 3040 seri
1256 2968 1451 3042 nonnniicc
1481 2989 1500 3042 e

254 3076 426 3170 praefatis
451 3079 483 3150 et
507 3077 659 3168 antiquis
684 3079 841 3152 Ecclesiis
863 3078 1125 3172 parocbioiibus
1150 3081 1187 3152 in
1212 3097 1303 3153 neoc
1319 3084 1499 3154 restaura·

255 3190 346 3265 tiene
372 3188 634 3282 comprehensae
659 3207 730 3262 non
753 3191 910 3284 firmum:
937 3193 1092 3284 ionpiore
1117 3189 1232 3264 adbuc
1259 3193 1378 3284 etopso
1412 3199 1497 3266 teru-

251 3319 340 3396 pore
356 3303 389 3373 et
406 3299 574 3378 dolendae
600 3303 744 3375 nimium
764 3305 1037 3397 perturbationis
1063 3305 1318 3398 difficultatibus
1340 3309 1493 3388 ronam,

262 3412 435 3504 quaedam
455 3431 500 3486 cre
513 3412 565 3488 bis
578 3415 735 3489 Emissis
747 3435 826 3489 cum
838 3419 1089 3510 approbatione
1108 3417 1270 3491 Gubernii
1287 3419 1420 3494 Gotiici
1434 3437 1495 3492 nec

255 3543 325 3599 non
344 3521 524 3600 &dinarii
541 3524 583 3600 de
599 3543 688 3600 nono
705 3530 838 3602 titulum
855 3531 1023 3604 Ecclesiae
1039 3529 1239 3603 Parocbialis
1262 3531 1491 3604 obtinuerunt.

329 3638 430 3712 Nunc
457 3637 593 3727 primm
622 3639 671 3710 i.⁰
695 3641 749 3712 An
774 3641 1013 3736 induipentiao
1038 3645 1103 3716 rite
1128 3643 1211 3715 oiim
1236 3659 1417 3716 conccsme
1432 3643 1494 3714 Ec·

256 3749 364 3824 etesiis
390 3748 432 3822 rte
458 3749 579 3841 quibus
604 3769 710 3844 snpra
736 3755 855 3845 opiter
880 3755 994 3828 adiere
1018 3757 1224 3829 recipiscant
1249 3773 1328 3842 curn
1352 3753 1493 3830 caedua

255 3862 427 3936 Eccimioe
453 3865 616 3937 canonice
641 3867 836 3940 Pareciaies
862 3869 986 3941 iterum
1010 3869 1125 3963 foetae
1150 3871 1256 3943 eunti

301 3974 380 4048 '2⁰
405 3976 459 4047 An
487 3975 793 4069 confraternitates
819 3999 907 4073 punc
933 3983 1016 4054 oiim
1041 3983 1078 4054 in
1104 3981 1193 4056 bisce
1207 3979 1402 4076 praedictis
1423 3979 1493 4054 Pa·
1584 4057 1585 4069 Ν

256 4085 465 4162 racbioiibus
490 4089 647 4162 Ecclesiis
673 4093 873 4174 exsistebant,
902 4093 1016 4168 adiice
1041 4093 1218 4188 pendeant
1243 4093 1394 4185 eusdem
1417 4111 1491 4167 ere·

255 4199 375 4272 aionis
400 4200 587 4273 canonicae
613 4203 724 4286 titulo,
752 4223 812 4278 nec
838 4225 907 4278 non
932 4205 1156 4300 Induipentiis
1182 4209 1226 4282 ab
1253 4207 1355 4282 rrum
1381 4207 1490 4280 cuna

256 4310 416 4383 muccosis
441 4307 567 4383 borum
594 4313 924 4406 Gonsrnterniiotnm
951 4319 1085 4394 Sociis?
