3214 4928
593 365 788 432 ..21-

106 497 180 578 oliui
208 497 395 570 facultatem
427 497 623 572 absolvendi
646 520 666 572 a
690 500 868 574 reservatis
893 506 950 574 ant
973 500 1217 594 indulgentiam
1243 523 1300 578 su·

102 607 254 700 predictam
280 629 345 703 per
369 610 507 685 modum
532 613 679 705 sullmgii
706 611 875 686 Delunotis
901 613 1102 705 applicandi,
1121 634 1188 706 qua
1204 615 1248 690 do
1264 635 1301 691 re

100 721 322 796 nnlnsaudeat
341 723 503 798 dubitare.
533 725 655 798 Datum
675 726 799 797 llomae
820 724 873 798 dio
898 731 938 796 ll
965 726 1172 818 Septembris
1196 733 1300 802 6679.

642 836 790 910 Miciael
816 839 964 928 Angelus
990 840 1123 914 lliccircs
1150 843 1272 916 Secret.

630 1035 748 1108 XXVI.

152 1172 253 1246 nonio
270 1192 337 1266 per
362 1172 472 1246 virum
488 1174 692 1266 Religiosum
708 1175 781 1248 Sao.
800 1175 1053 1268 congregationi
1069 1181 1251 1272 proposito,
1269 1189 1303 1255 et

97 1281 122 1352 in
138 1301 171 1354 ca
185 1287 398 1370 examinato,
415 1291 531 1358 utrum
548 1287 585 1358 in
601 1288 755 1378 generali
771 1288 987 1361 revocatione
1003 1288 1303 1381 indulgentiarum

99 1411 164 1482 prm
192 1398 228 1468 r'n
260 1399 370 1471 Brenr'
406 1399 599 1470 «Ronanus
625 1400 826 1472 Paumrnx»
863 1401 967 1472 Pauli
998 1401 1066 1474 PP.
1099 1402 1125 1472 V
1155 1401 1303 1478 nalem

102 1503 158 1577 loto
182 1513 226 1579 63
254 1511 347 1583 Maii
365 1513 459 1582 6606
477 1509 808 1602 comprehendantur
830 1529 1007 1604 personae,
1035 1531 1124 1602 puae
1147 1515 1304 1588 substan·

102 1617 174 1688 tialio
198 1621 391 1712 Religionis
421 1622 503 1693 Vota
527 1639 596 1692 non
622 1623 788 1728 eminant,
815 1623 909 1694 intra
934 1624 1113 1696 valentro
1143 1626 1303 1700 Claustra

99 1731 250 1820 agmins·
277 1733 400 1806 eudem
416 1734 489 1805 Sao.
516 1734 735 1824 congregatio
754 1733 937 1824 respondit,
962 1734 1025 1806 lras
1049 1735 1187 1812 minime
1211 1753 1303 1810 com·

98 1841 245 1930 inimo.
272 1845 398 1918 Datum
424 1845 548 1917 Romae
572 1844 627 1918 die
656 1851 699 1916 65
725 1845 802 1916 lulil
830 1850 934 1924 6686.

674 1955 823 2030 Miclcaet
849 1959 997 2048 Arapelns
1022 1959 1155 2034 llicor'us
1181 1962 1303 2035 Secret.

625 2154 758 2227 xxvii.

145 2271 348 2370 'Procurator
374 2296 544 2370 Generalis
570 2294 703 2369 Ordinis
734 2297 768 2366 S.
795 2296 960 2387 Birgittae,
986 2315 1048 2368 seu
1073 2297 1168 2370 SSmi
1194 2299 1307 2370 salva-1

98 2405 337 2501 lorisexposuil,
354 2409 477 2492 multia,
495 2409 554 2500 qui
571 2409 723 2499 legerunt
739 2407 793 2479 vel
809 2407 986 2480 audierunt
1003 2407 1037 2480 in
1054 2408 1189 2482 decreto
1206 2410 1307 2500 hujus

99 2516 156 2588 Soc.
178 2520 452 2614 congregationis
477 2521 543 2592 lato
568 2517 624 2592 die
650 2524 669 2591 7
697 2519 803 2593 Martii
824 2523 917 2590 6678
936 2519 1136 2610 apocryphis
1162 2527 1196 2592 et
1215 2521 1307 2594 lalsis

99 2627 293 2722 indulgentiis
321 2632 535 2706 annumerari
559 2651 627 2714 eas,
654 2648 742 2722 quae
766 2631 901 2703 innixae
926 2631 1093 2714 dicuntur,
1115 2632 1308 2706 revelationi

100 2739 181 2816 laone
203 2745 236 2818 S.
265 2746 433 2837 Birgittae,
459 2744 601 2818 ldeetildi
629 2751 663 2816 et
688 2743 867 2826 lilisalrotlr,
895 2743 928 2816 in
955 2743 1096 2818 dubium
1118 2744 1233 2818 venIre
1257 2746 1308 2820 lu·

100 2849 260 2943 dulgentias
295 2858 517 2931 Ecclesiarmn
550 2855 683 2928 Ordinis
709 2856 779 2938 sui,
806 2862 839 2928 ot
863 2873 924 2947 pro
950 2856 1060 2948 aliqua
1086 2857 1310 2932 declaratione

102 2966 157 3036 Sec.
180 2969 436 3064 congregationi
453 2969 659 3062 supplicavit,
688 2986 776 3060 quae
800 2968 958 3058 precihus
976 2969 1058 3062 Ejus
1075 2970 1230 3045 molinala
1255 2971 1312 3043 de-

101 3075 181 3150 clarat
202 3085 431 3175 (quamquam
456 3099 511 3154 ros
535 3081 660 3154 nullam
678 3079 919 3153 dubitationem
945 3079 1067 3168 habet)
1082 3081 1309 3174 indulgentias

102 3187 255 3281 ireneus,
286 3195 426 3286 aliisque
449 3212 659 3268 summorum
685 3191 883 3266 Pontificum
908 3190 1034 3274 litteris,
1061 3191 1115 3264 vel
1139 3193 1308 3268 Constitu·

103 3299 222 3380 munus
246 3307 383 3380 innixas
408 3306 444 3378 in
468 3305 637 3398 praedicto
662 3303 797 3378 decreto
823 3303 961 3376 minime
981 3302 1231 3397 comprehendi.

158 3417 277 3494 llatnrn
300 3419 426 3494 Romae
451 3417 505 3492 die
533 3423 577 3491 66
603 3417 679 3492 iulii
707 3419 812 3488 6686.

678 3527 827 3603 illiciant
851 3529 999 3622 Angelus
1023 3529 1159 3608 lliccius
1184 3529 1309 3604 secret.

617 3709 768 3784 XXVIII.

598 3869 795 3922 nondun

167 3979 209 4048 l.⁰
245 3981 302 4054 dn
326 3977 465 4052 attentis
489 3975 600 4050 nolu
628 3978 794 4069 cupressis
823 3977 860 4050 in
890 3975 1042 4070 pennula
1075 3971 1311 4066 Indulgentia-

113 4097 179 4171 nn,
201 4111 284 4184 guas
303 4089 542 4164 sanctinimus
557 4088 725 4162 Dominus
750 4090 874 4164 Noster
897 4087 1169 4162 Numisrnatiius
1194 4101 1311 4160 conce·

114 4189 159 4274 Iit,
174 4201 405 4296 indulgentiae
421 4201 638 4296 applicentur
650 4200 719 4274 illis
735 4199 1017 4282 Numismatilrus,
1032 4216 1120 4290 guae
1143 4195 1313 4290 duplicem

115 4301 268 4478 66666666
301 4314 416 4390 Sancti
447 4314 573 4392 scilicet
603 4317 635 4388 et
667 4313 757 4402 Beati
787 4310 1047 4406 praescierunt?
1079 4315 1113 4384 et
1145 4313 1311 4401 quanuus

118 4425 248 4510 cgalire.
