3182 4922
727 359 945 424 -560-

217 496 334 570 Patris
360 501 420 569 etc.
446 496 575 569 Deinde
599 495 783 586 injungitur
807 492 1020 587 poenitentia.
1047 495 1097 566 tte
1122 494 1160 566 iu
1180 513 1269 588 pace
1290 500 1322 569 et
1338 497 1462 590 pratia

220 608 295 689 Dei,
323 611 355 680 et
381 611 478 680 orale
500 626 567 700 pro
594 625 657 678 me.

290 721 376 792 llam
402 739 446 792 ea
472 719 682 792 concessione
699 716 847 808 ejusdem
866 717 986 790 Leonis
1001 718 1038 789 X
1047 719 1191 809 possunt
1208 720 1367 811 consequi
1382 721 1460 793 Ple-

217 831 358 903 uariam
383 831 638 904 Absolutionem
663 833 696 902 el
720 828 976 920 tnclulpontiam
1002 829 1039 901 in
1064 831 1220 903 omuibus
1251 832 1459 905 solemnita-

217 944 316 1026 tibus,
343 961 401 1017 sea
425 944 517 1037 [estis
542 943 682 1016 Domini
709 940 873 1026 sabaotb,
900 946 933 1015 et
948 943 989 1014 B.
1007 944 1055 1016 bt.
1079 943 1113 1014 V.
1132 944 1350 1034 omniumque
1369 946 1458 1018 San·

215 1060 348 1129 ctorum
373 1060 405 1128 et
429 1055 669 1147 Apostolorum
695 1054 789 1127 Petri
805 1059 837 1127 et
854 1054 968 1135 Pauli,
987 1072 1029 1126 ac
1055 1051 1092 1129 S.
1119 1056 1236 1127 Patris
1261 1056 1451 1138 Fruuoisct,

196 1168 249 1241 *et
276 1169 308 1240 S.
339 1168 476 1249 Clarae,
504 1171 535 1240 et
559 1185 622 1259 per
647 1171 756 1240 totam
780 1167 948 1257 maiorem
966 1164 1233 1248 hebdomadam,
1260 1172 1292 1240 et
1318 1169 1461 1260 iusuper

215 1276 362 1373 intesta
389 1280 423 1351 S.
453 1276 665 1350 Catborinoc
697 1278 729 1350 V.
756 1282 788 1351 et
813 1279 859 1353 M.
886 1282 919 1350 el
945 1277 1097 1350 trabitur
1117 1278 1280 1372 sarmata.

289 1391 406 1482 (llaec
430 1389 582 1482 formala
609 1388 728 1462 euclem
754 1395 802 1462 ost
825 1410 867 1462 ac
889 1391 1000 1483 prior,
1023 1395 1162 1483 eccepto
1190 1390 1283 1482 quod
1299 1392 1459 1466 turbiue·

216 1507 273 1576 lur
298 1501 347 1576 ab
372 1501 456 1576 baec
481 1503 605 1576 verba:
631 1501 790 1594 baptizali
817 1502 953 1590 tuislis).

290 1615 341 1688 De
367 1615 488 1706 auibus
514 1617 612 1688 enlae
638 1616 827 1706 quaeritur.
1518 1693 1521 1698 ,

292 1725 342 1797 t.⁰
367 1726 421 1798 Au
438 1727 575 1818 proiice
596 1725 799 1819 praedictae
815 1727 883 1801 sint
900 1725 1014 1800 adbuc
1031 1725 1192 1800 abneaae
1208 1726 1260 1800 bis
1275 1727 1459 1821 tunnulis:

216 1856 286 1911 uon
312 1839 466 1913 obstante
491 1839 596 1911 Bulla
622 1839 725 1912 Pauli
757 1837 846 1911 Vde
872 1839 1097 1931 tndutpculiis
1123 1840 1368 1931 liepnlorium?

290 1949 341 2020 2⁰
368 1950 422 2021 An
448 1949 588 2022 retineri
612 1951 666 2023 ool
691 1949 864 2023 introduci
876 1952 984 2044 possit
1008 1965 1088 2024 usus
1113 1951 1193 2023 illas
1214 1951 1459 2044 impertiendi?

291 2059 340 2133 3.⁰
365 2063 420 2134 An
439 2081 506 2154 per
529 2062 616 2155 [esta
642 2063 782 2135 Domini
809 2062 974 2145 Sabaotb,
1002 2062 1244 2154 iutellipemloe
1261 2069 1359 2137 sont:
1382 2067 1457 2138 Nc·

215 2169 342 2256 licitos,
371 2175 601 2258 Circrcmcisio,
630 2173 841 2268 Epiphania,
868 2174 1015 2256 Pascba,
1042 2175 1213 2258 Asconsio,
1231 2177 1453 2260 Pentecostos,

217 2289 249 2360 et
275 2287 379 2360 otiam
404 2288 526 2381 [astum
557 2287 744 2369 Trinitatis,
772 2291 804 2361 el
831 2287 992 2379 Corporis
1019 2285 1168 2360 Cbristil

290 2398 341 2470 t.⁰
366 2401 421 2472 An
443 2418 508 2492 por
538 2400 624 2492 testa
650 2401 690 2471 B.
717 2399 853 2472 Mariae
885 2399 917 2471 V.
944 2397 1167 2490 intellipeuda
1199 2403 1295 2473 sum:
1329 2400 1456 2494 Purifi-

216 2512 318 2594 catio,
345 2511 584 2594 renuntiatio,
610 2513 814 2604 assumptio,
833 2511 1021 2594 Natiuitas,
1047 2513 1296 2594 Praesentatio,
1314 2517 1348 2585 ct
1366 2513 1455 2586 Gou-

217 2625 349 2716 ceptior

289 2733 339 2806 b.⁰
368 2735 456 2820 Quia
482 2733 524 2808 cle
545 2736 660 2828 priori
683 2735 837 2830 formula
862 2733 1000 2817 dicitur,
1025 2735 1119 2826 pubol
1136 2733 1258 2809 aebeat
1286 2737 1396 2829 recipi
1411 2736 1456 2809 sle

215 2864 376 2919 corcseusu
401 2847 617 2941 Confessarii
644 2867 691 2920 au
716 2847 871 2940 sufficiat,
898 2852 936 2920 ut
961 2848 1143 2921 Abbatissa
1168 2848 1267 2921 illum
1281 2849 1326 2921 ab
1340 2867 1379 2922 oo
1397 2867 1455 2922 cu-

209 2960 370 3051 postulet,
398 2959 603 3051 quibasdam
630 2960 747 3035 diebus
773 2965 853 3034 onte
877 2960 1015 3035 nomina
1038 2963 1225 3033 sororum?

289 3070 339 3144 b.⁰
363 3072 418 3145 An
445 3073 691 3166 confessarius,
719 3077 752 3146 et
779 3075 1009 3166 cappellanus
1035 3074 1094 3165 qui
1118 3091 1188 3146 non
1204 3078 1287 3146 esset
1319 3073 1455 3166 Consus

215 3184 339 3266 surius,
361 3186 495 3276 possint
512 3185 592 3257 illas
609 3186 784 3278 impertire
801 3204 844 3258 oa
861 3185 1074 3278 delepatione
1094 3185 1283 3266 ordinarii,
1302 3187 1357 3258 eui
1377 3188 1456 3259 Cla·

213 3297 323 3370 rissao
347 3297 603 3387 subjiciuntur?

285 3520 370 3594 Cum
397 3537 441 3593 ex
475 3527 566 3613 perte
599 3521 816 3595 Clarissorum
850 3521 998 3596 Civitatis
1032 3521 1246 3596 Massiliensis
1281 3525 1453 3616 proposita

211 3631 353 3706 tuissent
378 3632 658 3724 suproenunciota
684 3632 784 3706 dubia
809 3633 888 3706 huic
913 3634 1033 3706 Sacrae
1058 3632 1341 3725 Indulgeuliorum
1367 3636 1454 3708 Cou-

212 3744 405 3836 gregationi,
431 3745 692 3819 Eminentissimi
722 3745 833 3818 Patres
857 3745 892 3817 iu
918 3745 1128 3837 generalibus
1154 3745 1303 3817 Camillis
1330 3745 1454 3819 habitis

211 3856 247 3929 in
272 3855 462 3950 Apostolico
488 3857 610 3930 Palatio
635 3857 795 3930 Vaticano
821 3858 934 3949 quinta
960 3857 1015 3930 die
1040 3856 1145 3931 Martii
1171 3856 1335 3930 currentis
1360 3858 1452 3942 unni,

212 3967 324 4042 audito
338 3969 432 4063 prius
446 3968 653 4044 consultoris
670 3977 759 4054 uoto,
777 3970 947 4061 rebusque
965 3975 1093 4042 mature
1110 3968 1296 4064 perpensis,
1314 3987 1456 4062 respou-

213 4078 362 4154 bendum
388 4098 464 4154 esse
490 4081 670 4166 duxerunt,
696 4088 734 4154 ut
758 4081 852 4154 inira.

236 4298 243 4315 ἱ
269 4189 338 4315 ‘Ab
361 4193 509 4286 primum
534 4191 787 4278 ‹Affirmative,
814 4199 955 4288 excepte
980 4191 1189 4286 Indulgentis
1213 4193 1364 4270 Pleuorio
1390 4212 1457 4287 pro

213 4317 297 4376 VlViS
314 4333 349 4374 r.
