3214 4928
618 384 815 450 ..gr-

92 513 364 588 temdiuiouem
389 516 565 610 iumudos,
593 523 634 590 ut
660 537 785 601 omnes,
805 518 864 610 qui
881 535 922 590 eo
941 519 1158 609 pestaoetiui
1180 537 1222 592 ac
1240 520 1336 593 noua

92 629 251 720 mallus
277 631 404 702 intenti
428 630 566 722 pretini,
594 633 779 704 sanitatem
803 632 925 703 meotis
951 636 983 704 et
1011 632 1164 724 corporis
1191 636 1224 704 et
1253 652 1335 725 pra·

93 741 176 812 liam
204 742 515 835 sanctificationis,
547 747 649 834 atque
675 743 911 834 lodulpentios
936 744 1033 815 uotis
1059 761 1236 816 concessos
1257 763 1335 816 cou-

91 853 183 942 seepu'
217 859 440 936 mmeootur,
469 873 648 945 omnesque
674 856 815 928 Diaboli
844 853 987 927 iusidias
1013 860 1046 928 cl
1073 853 1235 947 fraudes,
1271 873 1337 948 per

92 967 271 1038 cuntium
292 966 553 1040 msericordias
578 971 657 1039 tune
683 969 830 1059 eliopeto
855 969 1006 1049 valeant,
1035 969 1067 1040 et
1092 967 1129 1040 io
1155 971 1335 1060 conspectu

94 1083 151 1149 tuo
167 1079 295 1151 Sancti
308 1083 342 1151 et
353 1081 577 1152 immaculati
589 1084 794 1173 appareant.
813 1081 880 1151 Per
892 1081 1079 1152 Dominum
1092 1081 1260 1154 Nostrum
1274 1082 1335 1154 etc.

654 1267 790 1322 OREMUS.

167 1401 323 1472 Doocim
347 1400 425 1471 lesu
454 1397 593 1484 Christo,
622 1401 680 1490 qui
705 1401 842 1472 uoluisti
856 1419 921 1492 pro
940 1400 1043 1472 totius
1060 1397 1181 1471 mundi
1206 1397 1337 1472 reumo-

94 1514 216 1602 ptione
242 1511 290 1587 tle
313 1513 455 1603 l'r'rpiaa
473 1514 579 1595 irasci,
608 1511 817 1594 circumcidi,
844 1532 867 1583 a
893 1511 1034 1584 leniacis
1058 1511 1252 1602 reprobari,
1278 1511 1337 1581 lu-

98 1623 164 1694 tae
191 1625 311 1696 osculo
339 1623 444 1708 tradi,
471 1625 615 1697 uinculis
640 1625 795 1715 oltipari,
814 1625 919 1715 spirits
936 1624 1111 1703 coronari,
1139 1624 1245 1696 clanis
1257 1639 1339 1714 per·

97 1737 225 1827 [orari
253 1739 344 1808 inter
364 1739 516 1810 latrones
542 1737 707 1830 crucifici,
727 1739 848 1810 taruco
872 1737 1062 1818 uulnerari,
1090 1741 1121 1808 el
1148 1735 1341 1808 laodamia

98 1869 203 1922 cruce
227 1850 338 1921 enom:
360 1870 425 1942 per
451 1850 541 1923 teuc
558 1855 654 1924 tuam
674 1851 932 1922 sanctissimam
948 1851 1148 1922 Passionem
1166 1847 1342 1921 lumiliter

99 1979 222 2041 coortu
248 1967 289 2034 ul
314 1981 428 2034 omues
453 1962 654 2035 Itialrolicos
679 1961 823 2034 iusidias
840 1967 873 2034 et
888 1961 1031 2054 fraudes
1049 1961 1202 2053 expellas
1223 1960 1266 2033 alr
1289 1977 1340 2040 eo,

101 2075 159 2163 oni
187 2091 315 2146 sanun
341 2075 506 2146 Sanctam
542 2079 638 2146 tuum
673 2073 725 2146 itis
757 2075 878 2146 litteris
913 2079 945 2146 et
979 2073 1235 2146 ctorocurtoos
1261 2091 1284 2143 a
1311 2075 1342 2142 te

102 2185 294 2276 dedamis
320 2185 438 2259 deuote
454 2187 699 2268 inuocauerint,
727 2191 759 2258 et
784 2205 860 2258 eum
886 2185 935 2258 ao
956 2186 1077 2260 salutis
1100 2191 1246 2278 portum
1261 2201 1342 2276 per·
1488 2175 1489 2180 ‘

102 2297 227 2370 cocere
255 2298 417 2390 dipoeris.
448 2300 513 2384 Qui
539 2299 624 2372 oiois
651 2305 684 2370 et
708 2317 833 2390 repuus
859 2304 920 2370 etc.

175 2409 376 2482 Bereedictio
403 2413 468 2483 Dei
493 2414 608 2484 Patris
636 2422 670 2490 >1⁴
693 2411 948 2503 omnipotentis,
976 2415 1008 2484 et
1033 2411 1114 2484 Filii
1147 2421 1181 2489 ›i‹
1206 2412 1239 2482 et
1265 2408 1343 2500 Spi-

104 2525 193 2594 ritus
225 2534 261 2600 ›1‹
296 2525 413 2596 Sancti
440 2523 623 2597 descendat
648 2543 749 2617 super
782 2523 865 2596 taec
898 2524 1122 2596 Numismatu
1154 2539 1197 2594 ac
1223 2539 1265 2593 eo
1291 2539 1345 2612 pe·

105 2639 257 2722 montem
275 2639 308 2706 et
331 2641 473 2708 moocot
497 2655 629 2728 semper
654 2638 691 2708 io
716 2637 863 2709 Nomine
887 2637 1004 2708 Patris
1035 2647 1069 2715 ῆι
1093 2641 1125 2708 et
1150 2635 1231 2707 titii
1255 2643 1289 2712 ›i‹
1314 2636 1346 2704 el

108 2749 260 2839 Spiritus
292 2759 326 2826 ›1‹
360 2750 488 2820 Sancti.
514 2751 631 2821 Amen.
659 2749 907 2841 (Asporgantnr
933 2767 1021 2839 aqua
1045 2745 1255 2834 benedicta.)

179 2858 257 2930 Sac.
276 2858 495 2949 congregatio
512 2859 729 2951 indulgentiis
755 2859 934 2950 sacrisque
959 2859 1120 2950 Reliquiis
1145 2857 1345 2951 praeposita,

107 2971 254 3042 instante
279 2971 318 3040 R.
345 2971 381 3042 P.
407 2972 445 3042 1).
472 2973 632 3044 Bonnone
656 2972 761 3044 Lubet
790 2971 885 3044 tiberi
917 2978 951 3044 et
974 2971 1125 3062 exempti
1157 2969 1348 3042 Monasterii

108 3083 391 3156 Brzeunoriensis
417 3082 556 3166 sonate,
583 3083 779 3156 Walsthadii
806 3083 1009 3174 Praeposito
1027 3081 1133 3173 Regni
1149 3081 1348 3154 Bohaomiae

109 3195 261 3266 Praelata
287 3193 441 3278 infulato,
468 3213 506 3266 ao
532 3194 665 3267 Ordinis
691 3195 725 3266 S.
752 3193 920 3266 Benedicti
953 3211 1014 3285 per
1041 3191 1196 3266 eamdem
1221 3192 1348 3264 Bonae

110 3309 224 3390 roiam,
252 3307 431 3378 Morariarn
457 3315 490 3380 et
515 3308 666 3379 Silesiani
693 3308 868 3379 visitatore
885 3312 1060 3398 perpetue,
1088 3303 1350 3396 suprascriptam

109 3421 289 3492 termulam
315 3420 357 3491 ad
382 3439 483 3492 usum
509 3419 661 3510 ejnsdenr
687 3438 726 3490 ac
751 3439 812 3511 pro
846 3427 996 3511 temporo
1030 3416 1206 3491 exstentis
1232 3415 1350 3488 Visite·

111 3535 192 3604 toris
217 3533 386 3625 perpetui,
414 3539 448 3606 et
470 3533 711 3612 Monachornm
742 3533 852 3606 eidem
878 3531 1106 3604 subiectorum
1132 3527 1349 3621 approbatam

112 3645 212 3716 latino
238 3645 349 3716 soloni
374 3644 531 3718 idiomate
556 3647 590 3716 in
609 3645 784 3736 quibusvis
801 3645 882 3718 locis
900 3643 1069 3718 catholicis
1086 3641 1232 3733 imprimi
1249 3657 1351 3732 posse

113 3757 253 3828 censuit.
278 3757 320 3828 Et
345 3757 428 3829 iacta
455 3757 497 3830 de
522 3757 701 3849 praedictis
727 3759 791 3829 sub
818 3757 872 3830 oie
900 3763 941 3828 ti
963 3756 1086 3848 Aprilis
1107 3757 1200 3824 tnta
1218 3770 1280 3844 per
1296 3769 1351 3824 nte
1432 3839 1434 3843 ,

114 3869 359 3960 innascriptum
393 3871 615 3944 secretarium
649 3871 866 3942 sanctissimo
896 3869 1037 3940 Domino
1068 3866 1188 3938 Nostro
1214 3863 1353 3937 Benedi-

115 3987 167 4052 ctn
193 3982 255 4054 PP.
280 3983 356 4056 xiv
383 3983 553 4068 relatione,
581 3984 743 4058 Sanctitas
769 3983 837 4056 Sua
862 3982 1008 4073 henigne
1034 3975 1231 4072 approbarit
1252 3983 1354 4068 atqua

117 4095 289 4168 mnrussit.

741 4209 778 4281 L.
805 4208 908 4283 Cion.
936 4208 1031 4280 Piens
1057 4205 1179 4277 Pauor.

598 4326 639 4398 A.
667 4323 712 4400 M.
739 4323 835 4398 Ecba
860 4323 954 4394 Prot.
980 4317 1194 4413 Apostolicus
1223 4315 1345 4389 Secret.

242 4439 261 4504 u
