3214 4928
635 375 803 442 ..7-

682 591 740 666 llll

166 730 250 806 cmn
274 731 316 812 in
341 731 447 810 Sacro
470 730 735 826 congregatione
759 728 1055 825 indulgentiarum,
1082 732 1328 828 Saoremmque

99 843 324 936 Reliqniarum
348 844 561 938 propositum
585 844 694 928 luerit,
721 843 965 936 expositionem
982 844 1192 919 sanctissimi
1209 847 1326 921 Sacra·

98 957 191 1030 nenti
215 955 297 1028 sine
323 956 476 1048 publiea,
511 962 544 1029 et
574 957 667 1048 gravi
699 973 799 1028 causo
830 955 951 1028 leolam
975 955 1167 1048 improbari,
1193 964 1267 1032 tum
1290 959 1327 1036 iu

97 1069 177 1145 scs
200 1067 384 1144 Ecclesiae
406 1066 665 1151 Mediolanensia
690 1067 756 1148 eutr
772 1065 806 1140 E
822 1065 940 1148 Catulo
964 1067 1184 1159 decomeco,
1208 1075 1282 1154 tum
1307 1091 1327 1144 a

97 1182 159 1255 sn.
171 1179 453 1274 congregatione
472 1179 686 1274 Regularum
706 1178 859 1274 nepotis
873 1183 907 1255 et
918 1177 1164 1278 episcoporum
1188 1181 1329 1266 (ὲοιιειιΙ1

96 1293 273 1370 nmomm
299 1291 508 1387 praeposita,
525 1292 707 1388 minusque
722 1288 937 1386 probandum
953 1289 1059 1368 rideri
1076 1292 1327 1377 sanctissimam

97 1405 340 1482 Eunar‘mliem
365 1405 491 1498 passim
508 1407 633 1498 erponi
648 1406 722 1486 siue
739 1411 899 1484 consueta
923 1402 1142 1502 quadraginta
1166 1407 1327 1490 hermem

103 1521 242 1595 udone
268 1517 342 1602 diu,
368 1524 538 1610 coetuque
561 1535 747 1614 numquam
772 1516 973 1604 intermissa,
998 1518 1327 1612 quemadmodumo

102 1633 147 1706 lo
167 1633 215 1706 ltl
247 1631 425 1707 Clemente
448 1629 522 1704 lllll
546 1637 582 1704 et
605 1632 706 1706 Panlo
731 1631 761 1705 tl
785 1632 992 1716 institutum,
1017 1637 1118 1724 atque
1146 1633 1326 1729 probamur

96 1745 212 1834 lucau
241 1742 374 1816 Eadem
395 1742 469 1816 Sec.
490 1743 710 1837 congregatio
733 1741 1018 1836 indulgentiarum
1032 1747 1172 1837 cersuit,
1197 1747 1324 1823 nomini

94 1863 164 1948 pust
179 1857 252 1928 lrac
268 1852 521 1928 concedendam
538 1871 615 1928 esse
630 1854 885 1947 ludulgeotiam
902 1855 962 1948 qui
979 1858 1222 1950 expositionem
1239 1861 1323 1933 San·

91 1968 230 2040 asserui
256 1985 327 2040 non
352 1967 568 2042 celebraverit
593 1985 672 2041 eum
688 1985 740 2048 eo,
758 1967 818 2060 qui
833 1967 942 2041 dictus
959 1975 1028 2053 est,
1044 1970 1146 2044 modo
1162 1971 1322 2058 nimirum

90 2101 165 2158 tun
190 2079 347 2154 omdono
371 2079 591 2172 quadragina
615 2081 781 2157 llorarum
804 2097 992 2174 numquam
1015 2081 1216 2164 inermum.

159 2193 240 2266 liat.
267 2190 324 2264 die
352 2195 396 2263 l3
422 2189 630 2285 Septembris
658 2195 763 2272 1672.

664 2388 749 2462 vlit.

161 2531 258 2604 lnior
281 2529 612 2606 Reverendissimom
639 2529 842 2622 Episcopum
867 2537 901 2602 et
925 2528 1161 2622 inquisitorem
1185 2529 1322 2608 memo·

89 2663 154 2718 nae
179 2643 354 2718 contentio
379 2640 423 2715 de
448 2640 679 2736 imprimendis
704 2641 921 2732 indulgentiis
939 2647 1093 2728 esteris,
1111 2661 1188 2716 cum
1205 2645 1259 2720 ilie
1275 2643 1324 2719 di·

90 2763 141 2829 tat
168 2753 340 2848 quidquid
356 2753 640 2844 indulgentiarum
658 2759 710 2827 est
726 2752 769 2824 ad
785 2752 982 2848 Episcopale
1006 2754 1130 2829 Eorum
1155 2753 1323 2848 pertinere

88 2871 184 2962 cnjus
204 2867 259 2942 rei
278 2867 452 2942 arbitrium
472 2872 506 2940 et
523 2865 686 2958 judicium
700 2865 868 2958 integrum
887 2865 1053 2959 Episcopo
1071 2865 1229 2961 relinquit
1245 2866 1319 2940 sao.

89 2979 322 3072 inquisitionis
347 2977 525 3054 Edictum:
550 2978 606 3052 hic
631 2996 711 3053 vero
736 2975 894 3064 affirmet,
920 2977 955 3050 id
979 2978 1044 3055 sini
1067 2977 1168 3056 tribui
1193 2977 1323 3060 decime

89 3093 218 3186 lingula
244 3091 369 3165 Indicis
393 3091 555 3166 librorum
580 3091 844 3184 prohibitorum,
869 3097 907 3164 ut
931 3091 1043 3166 nullus
1067 3089 1164 3173 liber,
1189 3091 1323 3168 nullone

89 3206 255 3297 scriptura
272 3203 347 3274 sine
362 3202 468 3294 ipsius
485 3203 654 3295 permissu
666 3202 813 3297 imprimi
827 3201 944 3294 possit.
971 3200 1173 3286 Quaestione
1190 3201 1233 3274 ad
1246 3204 1319 3280 See.

90 3315 396 3410 Congregationum
422 3315 529 3391 delata
542 3323 576 3390 et
588 3315 764 3408 diligenter
789 3316 989 3400 examinate,
1006 3313 1126 3388 eadem
1140 3313 1213 3388 San
1232 3313 1320 3387 Con-

91 3429 239 3522 gregotio
272 3427 404 3502 censuit
427 3427 575 3504 adhibite
599 3429 811 3503 distinetione
835 3426 1057 3502 dirimendam
1082 3445 1182 3510 esse:
1208 3425 1320 3505 ludul-

92 3542 232 3636 qmliae,
259 3557 346 3632 qnos
371 3539 516 3620 subditis
541 3541 613 3617 suis
638 3540 825 3634 Episcopus
851 3539 1014 3624 coneedit
1031 3545 1065 3614 et
1080 3537 1320 3632 imprimendas

92 3659 198 3738 erat,
235 3659 310 3724 tum
334 3651 461 3726 litterae
486 3653 690 3738 PastoreleS,
716 3653 840 3746 quibus
871 3652 1097 3745 Indulgentiae
1126 3670 1146 3724 a
1171 3650 1319 3736 Summis

92 3763 307 3840 milidone
333 3781 511 3838 mneessas
536 3767 661 3860 populo
677 3764 867 3850 denunciet,
886 3765 1017 3857 alioque
1032 3764 1181 3856 deniquo
1195 3764 1319 3857 scripta

94 3877 131 3954 al
152 3875 345 3970 regendum
368 3878 533 3970 populum
557 3897 669 3964 suurn,
695 3879 749 3952 uel
773 3877 963 3951 officialium
980 3879 1053 3970 ejus
1074 3877 1215 3951 Nomine
1239 3897 1318 3971 pro-

93 3987 281 4081 mulgendo,
308 4005 396 4080 quae
421 3990 534 4062 emnia
557 3990 692 4084 proprie
709 3997 789 4064 sunt
804 3988 880 4063 Feri
896 3989 1102 4083 Episcopelis
1122 3989 1158 4061 in
1182 4008 1251 4081 quo
1271 3989 1320 4063 in·

93 4103 275 4194 imguntor
300 4099 545 4186 poenitentiae,
571 4108 605 4175 et
628 4120 691 4196 per
714 4100 940 4193 indulgentias
964 4099 1195 4184 remittuntur,
1219 4117 1318 4192 pree·

93 4219 253 4311 captaque
276 4217 309 4288 et
334 4211 424 4294 dieu
447 4214 617 4299 fetuum
643 4215 748 4290 libere
779 4219 858 4291 sunt
882 4213 925 4286 ab
949 4209 1158 4304 innecteris
1180 4211 1317 4308 iurisdi-

93 4325 201 4410 ciem
223 4332 256 4402 el
278 4325 486 4414 arenulae,
504 4347 574 4420 qno
590 4327 690 4410 eliam
706 4326 812 4410 inscio
829 4322 976 4420 imprimi
996 4329 1162 4420 possunt:
1186 4322 1250 4406 sed
1273 4321 1318 4410 de
