3346 4924
746 331 963 397 -588-

235 467 463 559 Indulgentiae
491 473 560 538 tum
587 485 606 538 a
631 465 778 538 Summis
805 464 1019 538 Pontificibus
1040 463 1211 538 Clcnroutc
1228 465 1301 537 till
1319 472 1353 538 el
1368 466 1473 538 Bene

236 581 325 654 dioto
350 579 427 652 Xlll
453 578 624 670 elargitae,
652 584 723 651 lum
749 597 768 648 3
793 576 852 649 Pio
877 577 935 649 llll
961 583 994 650 et
1019 577 1131 650 Leone
1163 577 1224 650 Xll
1255 575 1472 652 confirmatae

235 693 276 766 iis
293 689 570 765 uurtsottdettuus
587 691 645 782 qui
662 695 739 762 ante
756 707 1004 780 quamcumque
1020 689 1179 762 crucifixi
1195 690 1378 780 Imaginem
1393 689 1473 762 Ora·

239 803 366 876 tionem
395 805 448 876 Eo
473 821 535 894 eqo
562 809 622 876 etc.
654 818 869 892 quocumque
901 799 1057 874 idiomate
1092 801 1319 884 recitaverint,
1353 799 1473 874 eadem

238 917 312 988 Sao.
339 913 619 1006 congregatione
644 910 761 985 fideles
778 913 812 984 in
829 929 976 985 errorem
1003 912 1212 996 inducantur,
1238 913 1369 986 censuit
1392 929 1472 984 con-

237 1026 416 1100 sulendum
443 1044 519 1100 esse
544 1025 808 1107 sanctissimum,
835 1031 873 1096 ut
897 1023 940 1096 de
965 1024 1152 1116 apostolica
1177 1025 1243 1098 Sua
1269 1025 1473 1115 benignitate

239 1138 408 1212 declarare
434 1137 625 1230 dignaretur
649 1136 799 1226 singulas
822 1135 1042 1220 conditiones,
1069 1153 1157 1227 quac
1182 1143 1296 1210 sunta
1318 1133 1475 1208 odelinus

238 1249 479 1342 adimplendae,
506 1255 543 1321 ut
567 1247 748 1341 praelatam
774 1247 958 1320 Plenariam
976 1246 1220 1339 indulgentiam
1236 1247 1474 1340 adipiscantur.

238 1363 323 1435 Hinc
348 1361 432 1434 lacta
457 1379 517 1454 per
542 1379 597 1433 mc
622 1358 867 1451 infrascriptum
894 1359 1096 1433 Secretariae
1122 1361 1272 1452 ejusdem
1290 1360 1364 1432 Sao.
1386 1359 1475 1432 Cou-

239 1474 439 1566 gregationis
464 1472 746 1563 indulgentiarum
772 1471 996 1545 substitutum
1015 1469 1231 1545 sanctissimo
1249 1471 1391 1544 Domino
1407 1471 1475 1544 No·

240 1593 308 1660 stro
334 1585 392 1658 Pio
418 1585 479 1658 ΡΡ.
507 1585 551 1656 lli
577 1582 620 1656 de
637 1583 794 1656 omnibus
811 1583 901 1656 noeti
918 1583 1078 1656 relatione
1094 1583 1129 1656 iu
1147 1583 1322 1657 audientia
1343 1581 1409 1655 dici
1428 1586 1471 1653 :lt

239 1697 315 1770 tulii
343 1702 447 1780 3858,
474 1695 636 1768 Sanctitas
662 1695 741 1778 Sua,
768 1694 973 1768 inhaerendo
999 1697 1148 1769 Decretis
1175 1695 1478 1769 Praeoecessornm

242 1827 392 1893 snorum,
420 1806 685 1899 eorumdemque
700 1807 944 1880 concessiones
970 1807 1210 1893 continuando,
1241 1809 1339 1882 etiam
1366 1804 1480 1898 quoad

242 1919 495 2014 applicationem
521 1936 581 2010 pro
607 1918 783 1991 animabus
809 1919 842 1990 in
867 1918 1061 2010 Purgatorio
1086 1918 1240 2002 detentis,
1259 1918 1404 2010 benigne
1421 1917 1480 1990 dc

243 2031 377 2104 claravit
400 2037 698 2123 praememoratam
724 2028 966 2121 indulgentiam
1000 2031 1185 2104 Plenariam
1217 2031 1337 2104 lucrari
1369 2029 1412 2102 ab
1438 2030 1480 2102 iis

243 2145 417 2236 utriusque
442 2160 546 2215 serus
572 2141 868 2226 christifidelibus,
895 2143 952 2234 qui
978 2162 1056 2216 cere
1077 2144 1298 2236 poenitantes,
1324 2141 1478 2235 cmtscssi,

243 2258 419 2345 moroque
447 2253 690 2327 communione
716 2251 851 2346 resecti,
878 2254 1000 2326 dictam
1033 2255 1225 2328 Orationem
1250 2255 1303 2326 Eo
1328 2271 1391 2344 eqo
1417 2256 1480 2325 etc.

243 2386 456 2462 quocumque
481 2366 656 2452 idiomate,
682 2366 867 2440 dummodo
892 2367 1001 2441 versio
1027 2368 1070 2441 sit
1095 2368 1223 2452 tidelis,
1250 2373 1327 2440 ante
1359 2383 1480 2457 quam·

243 2498 388 2572 cumque
414 2479 620 2551 Sanctissimi
645 2477 802 2551 Crucillxi
828 2479 1010 2570 imaginem
1037 2478 1155 2552 munte
1183 2477 1414 2558 recitaverint,
1442 2494 1483 2549 ac

245 2594 381 2685 insuper
394 2611 459 2684 per
475 2590 619 2681 aliquod
644 2590 805 2682 deceperis
821 2591 971 2683 spolium
989 2591 1096 2680 justo
1113 2595 1259 2666 molen
1280 2589 1484 2663 Socctitolis

247 2705 338 2776 soce
353 2703 411 2794 pie
429 2702 614 2774 orcoerict.

321 2813 529 2905 Quapropter
555 2819 591 2885 nt
617 2812 660 2885 alr
685 2813 850 2886 universis
874 2813 1152 2888 christifidelibus
1168 2815 1233 2887 lroc
1249 2813 1405 2906 generale
1420 2813 1486 2886 Dc·

247 2929 374 2997 cretum
394 2923 492 2997 'facile
517 2922 741 3016 dignoscatur,
767 2923 855 3016 typis
880 2925 1027 3017 imprimi
1053 2944 1092 2998 ac
1117 2927 1277 3019 publicari
1302 2923 1484 2998 mandarit.

248 3035 416 3109 Praesenti
443 3036 582 3109 valituro
608 3035 737 3128 absque
762 3036 828 3108 ulla
853 3037 968 3108 Breuis
993 3037 1216 3129 expeditione.
1243 3039 1318 3114 Non
1347 3037 1485 3110 ubstan-

248 3148 337 3221 tibus
363 3147 398 3219 in
424 3147 625 3221 contrarium
651 3145 847 3220 iacientibus
873 3147 1156 3241 quibuscumque.

249 3370 271 3443 d
323 3259 586 3442 3333133ιῆ33333
603 3278 647 3333 ex
664 3259 846 3334 secretaria
859 3260 965 3354 ipsius
978 3256 1051 3333 Sao.
1066 3261 1340 3356 congregationis
1352 3259 1486 3352 lndnlg.

273 3368 304 3444 lc
356 3376 371 3442 l
421 3370 476 3443 uit
507 3375 611 3445 roso.

899 3483 934 3556 l'.
961 3484 1064 3558 Cano.
1091 3485 1266 3569 dsounnus
1292 3487 1414 3559 Ρ3333.

860 3595 900 3668 Α.
927 3595 1085 3692 Arcltipr.
1113 3597 1316 3674 Priozicolli
1343 3596 1456 3672 dttlst.

751 3785 981 3862 cmxxviii.

661 3929 788 3984 onnrms
813 3932 1076 3988 crsrnncrnusrmr

322 4031 559 4106 sanctissimus
572 4033 733 4109 Dominus
745 4038 864 4110 Noster
878 4039 955 4112 Pius
968 4041 1032 4116 PP.
1047 4042 1093 4112 lx
1105 4041 1286 4116 clementer
1299 4040 1438 4114 indulsit
1452 4047 1491 4114 ut

249 4160 368 4217 omncs
385 4144 613 4219 Cisterciensis
634 4147 767 4221 Ordinis
784 4149 938 4242 Religiosi
958 4171 1019 4244 pro
1035 4153 1191 4228 Oratione
1215 4155 1373 4228 ‹Pietotc
1392 4154 1491 4226 luo·
1536 4215 1540 4222 .

250 4273 337 4347 qnae
362 4255 511 4334 absoluta
536 4259 645 4334 [lirini
669 4260 776 4337 Officii
802 4263 994 4341 recitatione
1019 4265 1062 4340 de
1087 4285 1180 4344 more
1198 4267 1241 4340 ab
1268 4267 1349 4360 ipsis
1375 4267 1491 4342 recita-
