3182 4922
792 371 837 390 -
865 339 935 406 aco
963 327 1022 390 -'

270 493 311 570 ga
336 478 496 550 Patronus
521 491 612 558 snos,
638 475 789 560 muetos,
815 475 939 550 scilicet
963 473 1138 559 Geticum,
1164 475 1310 559 Prntnm,
1326 491 1361 547 ac
1375 473 1479 547 tanna·

269 589 367 674 rium,
394 606 537 682 quorum
564 605 713 680 eorpom,
739 587 825 660 sicul
850 587 1070 662 ecelesiastica
1100 593 1314 661 monumenta
1336 593 1480 660 testantur

270 719 289 774 a
314 701 509 775 Christianis
535 699 654 773 Incolis
678 699 713 772 in
738 699 886 772 Ecclesia
911 717 1028 773 eornm
1053 699 1191 774 nomine
1213 705 1406 782 consecrata,
1427 697 1482 772 col

269 811 373 884 locata
397 812 542 896 lnemnt‚
568 811 603 884 id
628 830 734 886 unum
758 818 888 886 mnium
913 818 1088 906 supererat
1108 811 1151 886 ad
1178 813 1331 887 eamdem
1351 811 1483 886 fidelium

267 923 302 996 in
329 925 419 1018 ipsos
445 926 607 1017 Martyres
631 925 826 1017 religionem
847 923 1046 1017 augendam,
1071 925 1163 1018 qnod
1180 943 1304 1019 nempe
1319 943 1359 998 ex
1374 925 1484 998 incerto

269 1035 422 1129 ejusdem
447 1037 615 1111 Ecclesiae
653 1037 730 1110 loco
762 1037 984 1131 praelatorum
1017 1039 1214 1112 Sanctorum
1246 1039 1418 1131 Martyrum
1440 1055 1482 1108 sa·

267 1167 324 1222 era
350 1151 504 1243 lypsana
535 1149 774 1224 invenirentur.
800 1150 980 1226 llodemns
1005 1151 1117 1245 itaque
1141 1151 1335 1226 Tomitanus
1356 1151 1485 1224 Antisloe

268 1262 308 1334 ll.
334 1262 371 1334 P.
397 1264 436 1334 ll.
463 1262 653 1336 Alexander
677 1263 873 1338 llnminicns
898 1263 1061 1350 lloresini
1084 1263 1176 1357 quod
1200 1270 1272 1337 erat
1288 1265 1321 1337 iu
1336 1262 1486 1336 rotelei-

268 1374 349 1448 citer
375 1374 538 1465 absoluit;
565 1383 714 1450 vertente
739 1377 829 1450 euim
855 1395 943 1450 anno
969 1378 1084 1450 salutis
1110 1378 1286 1451 millesimo
1307 1377 1486 1468 octingenta

266 1486 353 1560 simo
379 1485 634 1580 quadragesimo
659 1495 791 1574 octauo,
819 1489 950 1564 eliossis
975 1489 1091 1562 loculis
1116 1489 1182 1562 sub
1207 1489 1368 1562 interioris
1391 1485 1484 1560 sacelli

266 1598 388 1684 litare,
415 1599 507 1691 qnod
531 1607 623 1673 extat
648 1601 681 1672 in
699 1601 823 1694 insigni
839 1619 878 1675 ac
894 1607 1086 1695 peruetusta
1102 1603 1274 1675 Tomitana
1292 1601 1421 1674 Basilica
1435 1599 1486 1671 eis

266 1707 345 1784 dem
370 1712 499 1784 Sanctis
524 1711 727 1804 llartyrihus
753 1714 870 1800 dicata,
897 1731 936 1786 ac
959 1715 1100 1788 serratis
1116 1715 1274 1788 omuibus
1291 1715 1353 1787 rllo
1367 1729 1484 1786 serran-

267 1821 319 1896 dis
342 1824 437 1915 juxta
462 1825 667 1918 praescripta
689 1832 760 1900 tum
788 1847 807 1899 a
832 1829 932 1900 Sacra
948 1827 1137 1901 Tridentino
1154 1827 1303 1920 Synodn,
1320 1833 1389 1900 tum
1405 1825 1486 1898 alle

269 1935 368 2009 cretis
400 1935 503 2028 hujus
535 1937 657 2012 Sacrae
690 1938 974 2032 indulgentiamm
1006 1939 1251 2032 Sacrammqne
1279 1938 1485 2031 lleliqoiamm

267 2047 551 2140 congregationis,
577 2051 774 2124 eorumdem
800 2053 1001 2125 Sanctomm
1027 2051 1173 2145 Corpora
1199 2052 1336 2145 proprio
1350 2049 1486 2123 nniuscn

263 2159 388 2251 jusque
412 2161 549 2234 nomine
575 2161 728 2237 distincta
753 2164 890 2249 invenit,
917 2182 1025 2256 eaque
1049 2164 1184 2237 inuenta
1210 2163 1397 2237 authentice
1411 2177 1486 2234 rece

265 2273 389 2364 gnovit,
415 2279 514 2366 prout
531 2293 573 2347 ex
592 2275 783 2349 authentico
805 2277 970 2350 Processu
987 2275 1066 2351 huic
1082 2278 1155 2350 Sec.
1173 2271 1423 2369 congregationi
1437 2291 1485 2345 er·

264 2384 370 2459 hiltiln
396 2387 476 2459 salis
502 2404 672 2480 superque
698 2387 870 2481 colligitur.
897 2389 1108 2483 Quapropter
1134 2390 1251 2464 eadem
1269 2389 1345 2464 Sec.
1358 2387 1484 2478 Congre-

266 2497 354 2589 galio
378 2498 596 2592 indulgentiis
621 2501 800 2592 sacrisque
816 2502 977 2594 Reliquiis
994 2503 1182 2596 praeposita
1201 2497 1486 2595 praememoratum

264 2611 464 2684 Processum
488 2612 694 2704 approbavit,
721 2621 821 2706 alque
845 2615 880 2687 in
897 2614 987 2689 Actis
1014 2616 1165 2707 ejusdem
1179 2616 1252 2688 Sao.
1270 2610 1486 2707 congregatio-

263 2721 317 2794 nis
342 2723 457 2797 reterri
483 2724 664 2800 mandavit.
690 2727 811 2800 Datum
837 2727 964 2802 Romae
988 2746 1032 2801 er
1058 2729 1239 2802 Semelam
1264 2728 1426 2822 praefatae
1440 2723 1486 2795 Sa

264 2852 340 2908 urae
366 2837 640 2932 congregationis
667 2837 722 2914 die
748 2845 795 2912 28
820 2839 1020 2916 Novembris
1048 2845 1153 2914 1855.

861 2953 898 3026 li.
925 2953 1029 3026 caen.
1055 2951 1229 3037 Asommus
1253 2951 1377 3028 naim.

756 3063 906 3139 dinisius
929 3063 1088 3160 Arelipr.
1113 3065 1320 3141 Pmuzioodi
1343 3060 1464 3139 &leid

813 3263 952 3338 llGLlll.

743 3407 838 3462 onum
863 3409 905 3462 nr
930 3409 1024 3464 onnus

338 3509 423 3583 Cum
449 3511 569 3585 Sacrae
596 3511 676 3588 hnic
700 3514 955 3608 congregationi
980 3515 1199 3607 indulgentiis
1223 3515 1398 3608 sacrisque
1411 3505 1481 3582 licii·

265 3620 352 3712 quiis
377 3625 586 3716 praepositae
612 3626 646 3698 in
672 3647 740 3700 una
766 3629 898 3704 llelden
924 3631 1011 3704 inter
1028 3629 1090 3701 alis
1107 3629 1294 3702 exhibitum
1311 3627 1423 3702 luisset
1436 3619 1482 3692 dli

262 3732 356 3806 bium
382 3734 596 3808 enodandum
621 3739 704 3811 «Au
721 3740 771 3813 od
789 3741 997 3814 lucrandum
1014 3739 1268 3834 indulgentium
1284 3742 1337 3814 uel
1352 3739 1478 3832 pmice

266 3847 458 3920 orationis»
482 3849 721 3924 sacrosanctae
738 3859 771 3925 et
787 3853 981 3928 individuae
998 3859 1060 3928 etc.
1085 3853 1274 3926 necessario
1290 3853 1386 3944 slecis
1404 3844 1478 3940 ocni·

265 3955 326 4028 boc
351 3957 437 4032 loeo
462 3961 574 4034 oratio
607 3963 651 4036 sa't
685 3963 852 4048 diceudo,
879 3965 934 4040 vel
965 3984 1013 4038 ou
1044 3965 1165 4038 sultam
1191 3965 1227 4036 iu
1252 3983 1334 4038 casn
1358 3951 1480 4053 legitial

261 4067 496 4160 impedimenti
521 4075 746 4159 ambulando,
773 4077 920 4152 sedando
946 4079 1089 4151 recitari
1112 4077 1252 4150 voleat?
1275 4066 1478 4148 «eminentie

261 4179 337 4253 simi
363 4181 478 4257 Patres
502 4186 538 4258 in
563 4189 774 4279 generalibus
793 4189 944 4265 Comitiis
969 4189 1024 4264 die
1051 4195 1072 4262 5
1097 4189 1204 4264 llartir
1224 4186 1400 4282 superioris
1415 4175 1477 4254 anili

261 4289 350 4383 apud
383 4293 561 4370 vaticanae
593 4297 696 4374 AEdes
727 4301 852 4378 habitis
884 4300 1159 4397 respondendnm
1191 4319 1269 4376 esee
1291 4297 1480 4373 duxerunt·
