3254 4914
1258 380 1328 450 155

194 510 267 574 llult
286 501 420 590 donique
440 509 592 576 Sanctitas
612 509 675 574 Sua
697 509 857 590 hnagiuos,
878 517 909 575 et
930 512 1034 576 leones
1058 511 1282 578 benedicendas
1312 530 1359 578 re·

110 611 288 688 presentare
309 604 445 685 Sanctus,
468 605 514 671 vel
532 604 596 686 J'am
616 605 818 684 canonizatus,
839 603 886 669 rel
915 605 948 670 in
979 605 1193 688 Nartyrologio
1226 608 1362 678 Romano

109 701 289 781 descriptos.
998 753 1001 760 .

194 795 251 860 llis
271 811 327 876 pru
347 793 467 858 clariori
499 795 701 882 intelligentia
737 795 931 876 praenotatis,
962 793 1227 876 indulgentiarum
1257 796 1363 876 series,

107 905 189 972 quas
209 891 279 972 quis
299 889 443 972 consequi
464 893 573 972 potest,
593 906 651 954 nec
673 907 733 953 non
756 891 875 970 piorum
890 905 1016 972 opernm
1031 891 1256 974 implendorum
1273 892 1363 966 Blen-

111 985 192 1052 chus
213 993 416 1064 recenseatur,
437 990 529 1066 prout
548 985 636 1064 intra,
657 985 806 1052 videlicet.

193 1080 385 1161 Quicumque
406 1080 499 1144 semel
513 1080 621 1144 saltem
642 1082 673 1144 ln
688 1081 825 1160 singulas
843 1079 1051 1146 hebdomadas
1066 1081 1217 1146 Coronam
1230 1081 1364 1162 Domini,

107 1181 164 1240 ant
184 1175 380 1240 Beatissimae
401 1175 546 1255 Virginis,
568 1175 613 1238 rel
636 1175 796 1240 linearium
815 1179 919 1253 ejusne
939 1177 1061 1240 tertiam
1083 1183 1210 1257 partem,
1241 1163 1295 1250 aut
1316 1176 1365 1242 Ol·

107 1271 217 1336 nulum
237 1270 301 1336 sira
322 1269 471 1348 dirinum,
491 1270 554 1332 sire
574 1285 703 1350 parvum
722 1269 860 1350 ejusdem
873 1271 1070 1336 Beatissimae
1084 1271 1230 1351 Virginis,
1248 1272 1296 1336 vel
1310 1272 1365 1338 Be·
1472 1295 1478 1310 ·

109 1367 299 1444 iunctorum,
319 1355 373 1428 aut
394 1371 509 1445 septem
531 1363 666 1428 Psalmos
687 1365 931 1452 Poenitentiales,
953 1366 998 1430 vel
1021 1365 1187 1430 Gradnales
1214 1367 1365 1445 recitabit,

109 1466 166 1524 ant
187 1459 359 1524 rudimenta
382 1459 465 1523 Fidei
488 1459 616 1538 tradere,
637 1464 690 1522 out
711 1459 848 1524 detentos
869 1461 900 1524 in
922 1476 1053 1540 carcere,
1076 1461 1122 1525 vel
1149 1461 1279 1540 alicuius
1310 1461 1362 1528 do·

108 1573 192 1634 mus
212 1553 372 1636 hospitalis
392 1558 530 1634 aegrotos
551 1554 682 1631 uisitare,
703 1561 757 1624 ant
777 1555 962 1635 pauperibus
981 1555 1154 1632 subvenire,
1175 1561 1228 1618 aut
1240 1556 1366 1620 blissam

108 1650 231 1729 andire,
251 1649 298 1713 rel
320 1649 347 1712 si
367 1647 513 1734 Sacerdos
532 1655 579 1710 est
598 1647 751 1712 celebrare
771 1649 939 1727 consuerit,
960 1650 985 1712 sl
1001 1666 1069 1716 vere
1084 1649 1255 1730 poenitens,
1268 1649 1364 1714 etSa·

112 1744 231 1809 cerduti
253 1759 306 1824 per
326 1741 522 1808 ordinarium
542 1742 707 1823 approbato
726 1744 893 1821 euoluens,
907 1743 1139 1808 sanctissimum
1153 1743 1364 1808 Eucharistiae

108 1838 345 1904 Sacramentum
365 1837 530 1918 sumpserit
549 1837 581 1898 io
603 1837 741 1916 quolibet
761 1853 800 1900 er
833 1837 941 1905 diebus
973 1839 1183 1919 infrascriptis,
1216 1839 1365 1904 nimirum

109 1933 221 1998 diebus
242 1933 325 1996 iestis
343 1931 516 1997 Natiuitatis
537 1931 657 2002 Domini
678 1931 779 1996 Nostri
800 1933 871 1996 lesu
893 1933 1016 2012 Christi,
1030 1933 1233 2014 Epiphaniae,
1248 1935 1361 1998 liceur-

111 2027 267 2105 rectlonis,
289 2025 494 2103 Ascensionis,
515 2025 717 2104 Pentecosten
738 2025 791 2090 SS.
812 2027 978 2106 Trinitatis,
1009 2033 1040 2092 el
1066 2026 1208 2107 Corporis
1241 2026 1365 2106 Christi,

110 2130 181 2186 tum
202 2119 311 2186 diebos
334 2119 566 2197 Puriiiuatlonis,
587 2117 851 2198 denunciationis,
872 2121 1105 2202 Assumptionis,
1132 2121 1305 2198 Natiuitatis
1335 2126 1367 2184 et

110 2215 329 2298 conceptionis
348 2215 459 2278 Beatos
478 2215 590 2278 llarlae
611 2214 756 2294 Virginis,
779 2231 836 2278 nec
858 2231 918 2280 non
938 2216 1048 2280 diebus
1068 2216 1242 2280 Natiuitatis
1264 2215 1295 2280 S.
1315 2216 1365 2280 Jo-

84 2323 90 2334 ·
113 2311 205 2376 annis
225 2311 388 2392 Baptistae,
409 2309 591 2374 Sanctorum
610 2309 825 2389 hpostolornm
846 2311 926 2374 Petri
947 2315 978 2373 et
998 2309 1096 2388 Pauli,
1119 2310 1367 2387 Andreae‘lacu·

111 2406 157 2485 bi,
177 2405 313 2484 loannis,
334 2405 478 2481 Thomas,
500 2403 634 2484 Philippi
653 2410 684 2467 et
703 2403 818 2481 iacobi,
840 2403 1071 2480 Bartholomaei‚
1092 2404 1246 2481 hlattbaei,
1267 2403 1365 2468 Simo-

112 2503 162 2566 nis
181 2507 215 2566 et
234 2499 340 2580 iudae,
360 2499 514 2576 Matthiae,
530 2497 561 2562 S.
574 2497 698 2577 losephi
719 2497 829 2579 spousi
845 2499 878 2562 B.
893 2500 931 2562 N.
947 2499 1091 2578 virginis,
1113 2505 1204 2578 atquo
1219 2497 1365 2564 Omnium

110 2597 306 2673 Sanctorum,
329 2595 454 2674 piosque
475 2595 512 2658 ad
533 2595 632 2657 mum
653 2609 757 2672 proces
778 2593 889 2659 luderit
912 2610 966 2676 pro
987 2593 1149 2658 haeresum
1169 2593 1367 2672 atoneschis·

111 2696 232 2756 matum
252 2689 464 2768 extirpatione,
484 2687 570 2752 ridor
592 2685 766 2750 llaihullcae
786 2689 1013 2769 propagatione,
1034 2701 1107 2768 pace
1127 2693 1158 2750 et
1179 2686 1365 2752 Christiano·
1425 2765 1431 2778 ·

114 2801 187 2849 rum
208 2783 386 2863 Principum
405 2782 578 2858 concordia,
591 2781 779 2860 caeterisque
793 2782 946 2846 Romanae
960 2782 1112 2846 Ecclesiae
1125 2782 1366 2860 necessitatibus,

111 2882 146 2944 in
168 2891 355 2958 unoquoquo
375 2875 580 2956 praelatorum
595 2875 715 2938 diarum
729 2875 900 2940 Pleoariam
914 2876 1139 2955 indulgentiam
1153 2881 1366 2958 consequetur.

197 2971 256 3048 Qui
276 2971 383 3034 eadem
403 2971 435 3033 in
457 2970 525 3034 aliis
545 2969 629 3032 lestis
651 2969 783 3046 Domini,
804 2987 858 3032 sen
878 2971 988 3034 Beatae
1002 2967 1138 3049 Virginis
1150 2971 1261 3034 hieriae
1281 2987 1366 3048 pere·

112 3067 197 3150 gerit
218 3068 249 3128 in
270 3063 408 3145 quolibet
427 3065 534 3128 eorum
557 3065 704 3146 percipiet
723 3062 948 3141 indulgentiam
964 3065 1087 3142 septem
1101 3077 1261 3139 annorum,
1273 3079 1310 3124 ao
1325 3068 1366 3126 tu

78 3187 81 3192 ¹
113 3163 212 3228 tidem
234 3159 508 3240 quadragenarum.
530 3158 586 3234 Qui
611 3174 679 3220 sero
701 3157 807 3238 quavis
828 3156 995 3232 Dominica,
1018 3155 1063 3218 vel
1084 3154 1144 3216 alio
1174 3156 1247 3218 anni
1280 3156 1366 3234 lusto,

114 3255 344 3335 indulgentiam
364 3254 502 3333 quinque
523 3267 682 3330 annorum,
704 3252 891 3330 totidemque
921 3249 1196 3328 quadragenarum.
1228 3248 1287 3326 Qui
1317 3249 1367 3314 de·
1437 3263 1443 3276 ·

113 3367 204 3417 mum
225 3349 255 3411 iu
279 3349 338 3411 alio
360 3362 554 3429 quocumque
575 3347 646 3409 anni
670 3346 719 3410 die
739 3361 775 3409 ea
796 3344 960 3426 praestabit
985 3341 1211 3423 indulgentiam
1241 3349 1366 3408 uentum

111 3448 247 3514 diarum

198 3539 391 3618 (inhumana
410 3536 518 3600 saltem
537 3535 633 3600 semel
645 3536 677 3600 in
692 3533 882 3600 hebdomada
896 3533 1023 3598 recitare
1037 3531 1193 3596 consuevit
1206 3529 1368 3604 Coronam,

111 3641 171 3704 aut
191 3633 362 3710 linearium,
382 3637 435 3694 aut
454 3629 595 3698 Officium
619 3631 652 3694 B.
674 3630 713 3696 ll.
735 3629 770 3693 V.
793 3628 837 3690 vcl
865 3627 1094 3702 Belunctorum,
1125 3631 1179 3690 aut
1209 3625 1366 3704 vesperas,

114 3731 164 3795 vel
186 3745 285 3794 unum
303 3728 411 3791 saltem
432 3743 471 3790 ex
491 3717 665 3803 Nocturnis,
684 3729 715 3788 el
735 3723 866 3800 Laudes,
885 3733 939 3786 eut
959 3727 1074 3801 septem
1095 3720 1229 3786 Psalmos
1259 3719 1366 3784 Poeni·

115 3825 260 3891 teutiales
280 3839 351 3886 cnm
374 3821 511 3900 Litaniis,
532 3837 699 3900 earumque
720 3818 869 3899 precibus,
892 3833 952 3898 quo
974 3817 1023 3880 die
1038 3815 1069 3880 id
1082 3816 1190 3897 egerit,
1203 3815 1366 3896 indulgeo·

116 3922 195 3986 tiam
215 3925 340 3982 mutum
360 3917 478 3981 dierum
499 3917 648 3996 acorriret

201 4013 345 4094 Quisquis
366 4011 499 4076 animam
520 4024 607 4074 snam
618 4011 688 4074 -Beo
702 4009 733 4072 in
749 4005 876 4072 articulo
890 4007 996 4072 mortis
1016 4005 1122 4070 devote
1136 4003 1364 4080 commendans,

116 4112 280 4194 ipsamque
300 4113 430 4172 mortem
450 4105 559 4188 (juxta
580 4105 812 4169 instructionem
836 4101 885 4165 tel.
912 4115 972 4166 rec.
995 4098 1150 4164 Benedicti
1180 4099 1279 4179 Papae
1299 4097 1368 4162 llll

114 4205 317 4272 mundatam
337 4202 370 4265 in
389 4217 446 4266 sua
468 4199 690 4266 Constitutione
710 4198 768 4262 snb
789 4200 901 4262 Datum
921 4196 941 4260 u
962 4195 1074 4286 hprills
1096 4195 1186 4273 llll,
1207 4195 1295 4274 cujus
1322 4197 1370 4256 est

114 4301 244 4368 initium
264 4299 320 4364 Pio
338 4295 460 4380 nou)
481 4313 588 4377 seque
610 4311 645 4360 ac
667 4293 774 4360 libenti
794 4291 897 4360 animo
915 4291 956 4358 de
971 4307 1063 4358 manu
1078 4289 1200 4356 bomini
1214 4289 1368 4369 suscipere
