3120 4924
601 349 818 417 -2l3-

618 540 802 616 cdlxxv.

487 697 764 755 cobousunrlorus
788 701 943 756 lltssloltls

166 814 220 910 ld
242 815 446 890 humillimas
469 835 588 910 preces
611 819 746 895 Antonii
772 821 925 913 Jaoqoler
950 818 1225 917 congregationis
1249 818 1327 894 llis

104 928 197 1000 slon's
222 929 412 1022 Superioris
437 929 609 1005 Generalis
641 933 880 1006 sanctissimus
911 931 1074 1007 Dominus
1105 931 1225 1006 Noster
1256 931 1328 1004 cle

103 1057 190 1114 nens
215 1041 280 1113 PP.
305 1041 381 1114 ΧΠ]
405 1041 551 1135 benigne
575 1043 752 1118 inclinatus
768 1044 934 1118 concessit
953 1050 990 1118 nt
1006 1050 1075 1118 tres
1091 1043 1222 1128 llissae,
1240 1027 1329 1136 guae

101 1155 184 1244 jnrta
210 1153 472 1229 constitutiones
496 1157 532 1230 in
557 1156 649 1230 obitu
675 1157 814 1250 monins
839 1155 992 1249 ejusdem
1017 1156 1329 1248 congregationisu

102 1285 310 1360 paucumque
333 1268 441 1361 ipsios
472 1269 744 1362 congregationis
774 1268 954 1343 Sacerdote
983 1269 1019 1342 in
1052 1267 1170 1342 eadem
1202 1271 1328 1354 Domo,

101 1379 150 1452 ubi
165 1399 185 1454 e
203 1380 272 1454 rita
297 1379 474 1454 deiunctos
499 1383 610 1466 cessit,
635 1388 880 1467 commorante,
898 1381 933 1454 in
949 1380 1145 1472 suffragium
1171 1381 1245 1473 ejus
1261 1379 1330 1454 ani

99 1507 166 1564 mae
189 1491 406 1566 celebrantur
431 1492 602 1586 privilegio
627 1492 795 1585 gaudeant
818 1511 857 1565 ac
881 1493 911 1566 si
935 1493 970 1564 in
995 1491 1098 1566 utun
1120 1492 1327 1585 privilegiato

99 1602 359 1693 mlebrarentur3
385 1603 475 1677 idem
499 1604 711 1698 privilegium
736 1606 901 1679 noncessit
916 1623 979 1699 pro
995 1623 1063 1678 una
1079 1604 1180 1680 llissa
1197 1599 1240 1674 ab
1257 1599 1329 1680 aliis

99 1715 282 1807 pmedlctae
298 1717 570 1809 congregationis
586 1715 822 1791 Sacerdotibus
847 1717 882 1790 in
903 1733 1117 1810 quacumque
1143 1712 1244 1786 domo
1269 1709 1329 1784 de-

98 1829 247 1920 gentibus
274 1827 317 1901 ad
343 1827 500 1902 eumdem
525 1828 628 1904 linem
661 1827 878 1918 celebrande3
911 1829 1050 1922 insuper
1081 1824 1266 1907 noncessit,
1292 1827 1330 1896 ut

98 1943 231 2034 quilibet
255 1943 330 2016 sire
355 1941 515 2028 clericus,
540 1943 612 2016 sire
637 1942 752 2016 linter
776 1940 954 2034 coadjutor
978 1941 1014 2014 in
1034 1940 1141 2012 bomo
1158 1933 1330 2011 bemortui

98 2071 307 2128 mmmorans
332 2055 392 2146 qni
416 2060 467 2128 ter
491 2053 536 2128 ad
559 2054 594 2127 S.
620 2052 881 2127 Eucharistioam
905 2053 1057 2127 Mensam
1082 2051 1117 2124 in
1134 2045 1329 2140 suffragium

96 2166 223 2240 tnbuae
246 2165 397 2240 deiunoti
422 2166 617 2256 accesserit;
634 2163 921 2258 quemadmodum
943 2163 997 2238 elii
1014 2160 1132 2238 clerici
1149 2167 1183 2234 et
1198 2160 1331 2232 Fratres

97 2277 311 2372 coadjutores
336 2279 372 2350 in
406 2296 621 2371 quacumque
653 2277 926 2370 congregationis
955 2276 1063 2350 llomo
1092 2273 1271 2366 degentes,
1297 2275 1331 2344 et

96 2391 196 2466 semel
222 2391 506 2466 communionem
530 2409 593 2485 pro
619 2390 772 2464 Delunoti
787 2391 899 2464 anima
915 2387 1131 2482 applicantes,
1145 2381 1331 2458 Plenariem

96 2503 337 2597 indulgentiam
370 2503 405 2578 in
438 2502 590 2597 ejusdem
629 2503 826 2595 sullragium
858 2505 1117 2594 consequentur.
1150 2493 1332 2586 llolnltque

97 2615 258 2691 &uetitas
287 2618 358 2690 Soa
389 2622 568 2708 utramque
597 2615 736 2707 grauem
767 2614 940 2708 perpetuis
971 2611 1091 2688 futuris
1123 2601 1332 2702 temporibus

97 2727 223 2820 absum
246 2728 316 2801 nlla
339 2727 456 2801 Brevis
480 2726 696 2821 expeditione
721 2725 792 2800 lore
817 2727 1002 2800 valituram.
1082 2749 1085 2754 ·

97 2949 147 3026 die
162 2841 452 3028 lssaotnlrrrunsstrimasse‘5
464 2858 511 2915 ex
536 2839 722 2916 Somemrm
745 2840 820 2913 Sao.
846 2833 1122 2932 congregationis
1144 2829 1331 2924 indulgent

670 3065 709 3140 N.
736 3064 840 3138 cuno.
866 3061 1083 3136 monnone
1107 3056 1230 3130 Pnurrr.

566 3180 602 3252 S.
620 3177 753 3269 bergio
770 3177 849 3252 Sco.
868 3174 1035 3267 congreg.
1052 3165 1189 3258 lodulg.
1208 3165 1333 3238 secret.

614 3371 814 3449 chXXVl.

515 3519 724 3574 moruncurt.
756 3519 789 3572 nt
821 3516 918 3572 noris

171 3628 259 3703 com
283 3627 372 3702 sicut
395 3625 584 3702 humillime
608 3625 840 3720 exponebatur
872 3624 906 3695 in
938 3620 1076 3694 civitae
1104 3609 1338 3688 vallisoletana

103 3739 309 3816 llccboacou.
335 3739 507 3814 llioecesis
532 3739 568 3814 in
584 3737 687 3812 lndlis
704 3735 870 3830 quaedam
887 3734 943 3826 pia
958 3731 1044 3806 Unio
1061 3725 1337 3816 Presbyterorum

103 3861 269 3948 compacta
293 3872 340 3927 es
364 3853 500 3928 Decuoo
525 3855 561 3925 ct
585 3849 738 3944 capitolo
755 3844 961 3923 cathedralis
976 3839 1145 3916 Ecclesiae
1161 3833 1268 3908 diotae
1287 3827 1339 3902 ci·

103 3963 206 4038 num
229 3984 295 4040 neo
319 3983 390 4038 non
414 3963 597 4056 Religionis
623 3960 788 4034 Ordinum
819 3959 899 4034 ltin.
933 3954 1051 4028 Obser.
1084 3948 1119 4022 S.
1152 3939 1337 4024 Francisci,

103 4073 416 4168 Augustinianornm
440 4076 734 4158 Discalceatorum,
752 4073 788 4144 Β.
812 4072 856 4145 Μ.
874 4065 1021 4158 Virginis
1045 4060 1089 4134 de
1114 4051 1278 4179 Mercede,
1299 4065 1339 4122 ac

106 4185 147 4260 tle
169 4191 277 4266 Monte
302 4189 458 4264 Carmelo
483 4189 636 4282 quinque
666 4181 917 4258 provinciarum
950 4175 1057 4249 dictae
1088 4170 1260 4244 Dioeoesrs
1285 4177 1339 4233 re·

107 4301 584 4391 montecrescone
613 4304 738 4378 statuto
770 4293 864 4396 quod
896 4287 1084 4388 praedictae
1115 4274 1254 4358 llrriunis
1279 4271 1339 4346 Si·
