3214 4928
762 376 992 450 -ll-·

320 514 408 592 'lulis
434 513 641 611 induigentia
665 517 852 591 sodalitatis
878 519 912 590 S.
938 507 1080 601 Nicolai,
1106 527 1173 609 qua
1199 516 1337 610 repetitu
1371 518 1468 608 quin-

245 631 341 723 onias
367 629 523 706 Oratione
548 631 720 705 Dorninlca
746 635 779 705 et
804 630 1007 704 salutatione
1022 629 1192 723 Angelius,
1216 643 1320 703 unam
1335 627 1469 702 liberari

243 745 389 820 animam
414 743 564 840 quolibet
589 745 643 820 die
668 761 687 818 a
712 745 895 838 Purgatorii
922 745 1040 840 poenis
1066 743 1241 816 allirrnant.
1267 741 1362 816 Tales
1387 741 1469 815 aliae

242 858 371 932 Perusii
395 853 678 933 confraternitatis
705 858 903 931 Sanctorum
929 855 1115 931 sebastiani
1140 863 1174 930 et
1198 855 1313 940 Rothi,
1340 861 1374 928 et
1402 855 1468 928 lio*

241 983 317 1044 mae
334 971 507 1044 societatis
532 969 567 1044 S.
594 967 752 1045 Bernardi
777 969 820 1042 ad
845 971 1043 1044 columnam
1060 965 1200 1063 Traiani,
1230 970 1313 1043 tales
1330 967 1467 1042 demum

241 1075 324 1157 aliae
349 1083 661 1175 crucesignatorum
687 1085 722 1157 S.
748 1081 917 1176 Eustorgii
948 1081 1143 1168 Mediolani,
1176 1073 1317 1155 Arimini
1347 1086 1381 1157 et
1404 1082 1467 1154 Bo·

239 1194 373 1271 neniae.

313 1303 394 1404 ejus
421 1311 552 1404 generis
578 1312 658 1384 sunt
682 1315 715 1384 et
744 1309 818 1384 iliae
851 1326 1048 1395 concessae,
1081 1315 1119 1384 ut
1148 1310 1256 1402 ajunt,
1291 1305 1467 1402 cappellae

239 1422 367 1494 Rosarli
392 1423 428 1495 in
452 1419 599 1496 Ecclesia
624 1423 658 1495 S.
685 1417 820 1495 Antonii
846 1423 889 1496 de
914 1421 1041 1516 Rouigo
1067 1432 1129 1495 seu
1153 1421 1294 1514 liodigii
1325 1421 1378 1494 vel
1407 1421 1468 1493 lic⁴

239 1533 359 1608 etesiae
385 1533 621 1608 Sanctissimae
646 1533 812 1606 Trinitatis
837 1531 1001 1627 Bergomi,
1029 1541 1086 1607 ant
1110 1537 1145 1607 S.
1163 1533 1252 1607 Petri
1268 1533 1389 1608 llontis
1405 1533 1467 1606 'lo

238 1641 328 1730 doni,
355 1643 410 1719 dle
434 1645 519 1720 lesio
543 1644 748 1720 inuentionis
773 1645 1010 1720 Sanctissimae
1035 1643 1167 1732 crucis,
1185 1643 1239 1718 tel
1256 1633 1465 1738 gestantibus

238 1757 423 1831 ianiculum
436 1759 471 1831 S.
485 1755 651 1832 Francisci
676 1758 719 1833 de
740 1756 851 1846 Paula,
870 1759 924 1833 vel
939 1759 1186 1834 celebrantibus
1201 1757 1320 1833 Missas
1342 1759 1376 1832 S.
1398 1757 1465 1832 Au·

237 1870 379 1962 gustinl,
414 1863 470 1944 ant
503 1871 581 1945 alias
615 1871 765 1965 quinque
798 1870 1022 1950 inhonorem
1049 1873 1200 1966 quinque
1233 1867 1462 1946 Festivitamm

238 1983 274 2055 B.
289 1980 447 2076 Virginis,
465 1982 519 2058 vei
534 1981 750 2060 recitantibus
770 1983 925 2060 Officium
942 1987 976 2060 S.
995 1985 1189 2059 Franciseae
1209 1983 1390 2069 Romanae,
1408 1989 1466 2056 an't

237 2093 454 2188 antiphonam
479 2123 491 2158 ι
519 2096 691 2173 OPussto
717 2099 850 2192 Mopso
875 2105 937 2174 ete.
964 2129 976 2163 ι
1000 2099 1036 2171 in
1067 2097 1265 2171 memoriam
1295 2095 1465 2169 Passionis

236 2208 327 2292 lesu,
355 2211 412 2281 aut
435 2205 612 2283 linearium
638 2208 672 2283 S.
698 2211 816 2285 Annae
840 2206 953 2305 (quod
978 2205 1198 2302 congregatio
1219 2206 1397 2281 Sacrorum
1414 2203 1468 2279 ni*

234 2323 331 2391 tuum
356 2335 425 2393 non
449 2319 598 2414 probat),
613 2330 670 2398 aut
690 2320 892 2410 Orationem,
910 2333 1013 2417 quae,
1040 2321 1204 2416 impressa
1221 2338 1300 2395 cunr
1316 2319 1465 2412 imagine

234 2426 270 2502 S.
295 2427 413 2506 Annae
438 2430 643 2509 circumferri
673 2436 758 2510 solet
783 2459 796 2501 a
826 2438 897 2511 Ace
930 2435 1048 2530 pretio
1076 2437 1184 2528 pieac
1217 2441 1281 2509 etc.
1314 2433 1466 2526 atquae

234 2543 347 2617 Oratio
371 2537 589 2640 prohibetur)
614 2556 670 2622 aut
696 2549 850 2622 cilicium
867 2544 1103 2643 conceptionis
1127 2543 1164 2621 B.
1182 2543 1464 2641 virginemne

233 2655 371 2739 colatae,
398 2656 492 2748 quod
516 2665 670 2734 assemnt
695 2680 714 2734 a
740 2661 842 2734 Paulo
866 2659 898 2733 ll
922 2659 1101 2756 probatum
1126 2659 1241 2746 inisse,
1260 2665 1316 2733 aut
1333 2659 1460 2731 Oratio-

234 2781 313 2842 nem
340 2792 353 2830 r
378 2771 470 2844 Dece
496 2772 555 2864 qui
579 2773 677 2847 cotie
700 2773 738 2847 to
763 2777 892 2849 Soneio
911 2773 1070 2868 Spadone
1087 2779 1179 2848 etc,
1204 2771 1395 2866 (excipitur
1407 2773 1463 2845 ln·

234 2876 402 2972 dulgentia
440 2888 575 2957 centum
609 2885 739 2960 dierum
769 2905 857 2960 anno
890 2887 980 2960 loll
1015 2905 1176 2962 concessa
1204 2885 1362 2979 precihus
1394 2885 1462 2958 Du·

232 2989 339 3066 eissae
372 2987 561 3070 Sabandiae
595 2996 638 3069 ad
671 3015 778 3072 annos
814 3005 859 3071 25
894 2997 1023 3075 cunctis
1055 3001 1091 3075 in
1122 2998 1209 3074 illius
1235 2997 1379 3072 dictione
1403 2997 1462 3070 de·

231 3100 414 3197 centibus)
439 3113 496 3182 aut
521 3107 618 3181 aliam
644 3135 656 3172 ι
681 3111 752 3185 rive
776 3113 868 3186 liiiio
889 3113 955 3187 Dei
970 3121 1063 3189 etca
1088 3107 1460 3206 postcommunionem

230 3211 447 3305 recitandam,
473 3221 527 3293 rel
553 3220 663 3315 aliquo
690 3225 872 3318 conspicuo
897 3225 994 3320 signo
1019 3223 1258 3300 venerantibus
1284 3223 1460 3296 Sanctissi-

230 3329 277 3402 mi
302 3328 529 3406 Eucharistiae
555 3335 761 3410 sacramenti
785 3354 930 3430 nomen3
962 3339 1192 3432 indulgentiae
1224 3345 1343 3412 rursus
1369 3343 1459 3410 octo·

230 3441 321 3534 ginta
345 3440 487 3517 miliinm
513 3463 679 3523 annorum
705 3451 809 3525 netad
838 3451 883 3528 de
914 3451 1040 3527 labaala
1071 3451 1258 3544 excalptae,
1289 3464 1392 3541 quam
1423 3449 1458 3522 in

230 3552 368 3630 Basilica
393 3554 608 3634 Lateranensi
634 3566 798 3638 asservari
824 3565 1005 3650 affirmant,
1032 3573 1093 3659 pro
1119 3563 1308 3638 dicentibus
1333 3561 1459 3636 Oratio

228 3682 309 3742 nem
326 3665 416 3742 iham
433 3687 512 3745 vere
528 3671 619 3767 piam
648 3701 660 3740 r
677 3677 769 3751 Deus
786 3679 846 3770 put
858 3697 926 3771 pro
942 3675 1185 3769 Redemptioue
1203 3672 1325 3750 Mundi
1342 3672 1404 3746 etc.
1421 3689 1457 3763 ¹3

229 3783 302 3854 turn
329 3791 415 3874 quae
441 3783 625 3880 impressae
651 3787 787 3864 luerunt
811 3790 933 3882 Papiae
958 3809 1046 3862 anno
1075 3791 1169 3861 litio
1195 3787 1260 3861 snb
1281 3787 1346 3860 hoc
1362 3785 1456 3859 tilulo

228 3918 241 3956 r
267 3893 462 3971 sonamorto
490 3896 577 3975 delle
602 3895 808 3995 locuipeoae
834 3917 985 3977 concesse
1002 3903 1102 3977 datto
1120 3894 1258 3976 Suelild
1275 3899 1312 3973 di
1329 3899 1456 3972 Nostro

231 4007 375 4100 Sipaore
400 4011 502 4106 Popu
527 4015 639 4088 Leone
665 4010 702 4085 X
724 4011 977 4108 otl'lmmcpice
1004 4015 1097 4090 detto
1132 4013 1337 4087 cocceza'one
1362 4004 1456 4083 dello

229 4119 383 4210 glorioso
415 4118 554 4214 Verpiae
580 4124 697 4198 llario
723 4155 758 4210 ι,
777 4125 831 4200 vel
847 4127 976 4200 Pisauri
991 4128 1056 4202 snb
1073 4125 1211 4201 nomine
1226 4120 1455 4199 Beataeloan-

227 4243 302 4314 nae,
329 4249 417 4308 anno
445 4230 539 4308 icoc
566 4227 748 4332 evulgatae,
774 4241 829 4315 tel
853 4241 1025 4327 Barlettae,
1051 4259 1113 4315 seu
1138 4237 1247 4313 Baruli
1273 4257 1292 4312 a
1315 4237 1457 4311 recitan-

225 4343 317 4420 tibus
343 4343 518 4438 qaudam
544 4366 613 4424 non
638 4359 721 4426 sane
745 4354 851 4430 malas
877 4351 1062 4442 Orationes,
1088 4349 1278 4436 lucrandae,
1291 4347 1353 4451 *vel
1378 4347 1454 4424 Par·
