3164 4926
768 339 985 407 -llo-

263 487 339 569 bus,
357 497 542 572 eorumque
554 478 728 563 uxoribus,
742 477 924 565 sororibus,
942 477 1149 570 caeterisque
1165 477 1304 568 singulis
1319 479 1501 572 utriusque

264 615 367 672 sexus
383 594 505 686 Regiae
521 591 707 667 Catholicae
732 591 966 681 Hispaniarum
983 591 1110 664 Domus
1127 591 1335 682 Principibus
1353 599 1500 668 nuncet

263 711 297 784 in
323 716 494 802 posterum
520 720 735 797 quocumque
760 710 911 795 tempore
937 703 1168 787 existentibus,
1195 720 1274 775 vere
1298 705 1500 795 poeniteuti-

261 823 338 908 bos,
363 819 535 902 confessis,
563 836 601 890 ac
613 861 614 868 κ
626 817 660 890 S.
686 815 929 890 communione
945 813 1088 900 relectis,
1107 816 1165 908 qni
1182 833 1397 910 quocumque
1414 820 1499 892 anai

261 936 346 1009 iesto
372 935 424 1007 vel
449 931 503 1008 die
529 937 604 1004 ante
629 929 810 1022 praelatam
831 929 1008 1002 sacrarum
1026 929 1252 1020 Reliquiarom
1269 930 1414 1002 Tbecam
1431 949 1500 1024 pro

260 1065 344 1142 pace
368 1054 403 1120 et
426 1044 690 1119 Christianorum
716 1042 907 1134 Principum
932 1041 1120 1126 concordia,
1146 1043 1325 1116 baeresunt
1350 1044 1501 1137 extirpa-

260 1163 368 1244 tionc,
394 1177 433 1231 ac
457 1157 492 1230 S.
518 1155 632 1230 Matris
657 1153 825 1228 Ecclesiae
850 1154 1049 1228 exaltatione
1073 1155 1146 1248 pias
1173 1154 1217 1228 ad
1240 1156 1348 1229 Deum
1374 1174 1501 1248 preces

260 1272 447 1356 onnderlnt,
474 1287 542 1362 qno
568 1269 655 1342 leste
678 1266 733 1341 vel
758 1265 812 1340 die
831 1266 867 1339 id
892 1268 1020 1358 egerint
1045 1267 1231 1342 Plenariam
1247 1269 1399 1342 omnium
1416 1287 1501 1362 pec-

260 1391 410 1458 catorum
434 1397 573 1456 snorum
598 1379 860 1471 indulgentiam,
887 1385 920 1454 et
943 1380 1176 1456 remissionem
1209 1381 1314 1454 semel
1344 1381 1502 1472 quolibet

260 1495 338 1570 anni
364 1495 418 1570 die
442 1494 496 1568 rel
521 1493 605 1566 leste
630 1509 691 1584 per
716 1509 995 1584 unumquemque
1020 1493 1171 1585 ipsorum
1200 1491 1500 1584 locriiadeodam3

258 1610 302 1682 lis
327 1626 407 1682 vero
433 1605 570 1689 diebus,
597 1604 722 1697 quibus
748 1602 849 1678 corde
879 1610 1008 1678 tantum
1033 1605 1165 1677 conniti
1194 1604 1317 1678 luerint
1341 1605 1502 1698 quinque

259 1738 425 1796 annornm
448 1716 656 1809 totidemque
673 1715 972 1808 Quadragenarum
988 1716 1230 1808 indulgentiam
1248 1717 1354 1790 semel
1370 1718 1504 1810 pariter

259 1834 293 1908 in
319 1832 409 1905 diem
435 1827 689 1921 acquirendam,
717 1847 820 1921 quarn
845 1829 944 1902 etiam
971 1829 1146 1904 animabus
1176 1827 1339 1902 Fidelionr
1365 1829 1498 1903 belun-

259 1953 388 2020 otorum
414 1962 474 2036 per
500 1942 638 2017 modom
663 1942 811 2034 suffragii
837 1942 1004 2034 applicare
1030 1941 1209 2014 valeantin
1222 1949 1421 2034 perpetuum
1434 1943 1501 2018 be-

258 2059 360 2151 nigne
384 2057 559 2142 concessit,
580 2063 681 2148 atque
694 2055 841 2128 indulsit.
857 2053 1036 2148 Voluitqoe
1050 2055 1213 2128 Sanctitas
1229 2056 1297 2128 Sua
1315 2055 1402 2129 banc
1416 2075 1497 2148 gra-

258 2171 337 2246 tiam
363 2171 492 2262 absque
516 2169 582 2242 olla
606 2168 721 2243 Brevis
747 2167 981 2259 expedictione
1006 2168 1191 2260 suffragari.

771 2281 831 2354 Fa.
858 2281 887 2354 l.
913 2279 1017 2354 Cano.
1044 2281 1309 2354 Ponrocnnnnao
1335 2281 1460 2358 Pnanr.

743 2392 784 2466 A.
810 2393 857 2468 tl.
884 2393 980 2466 orta
1005 2394 1100 2468 Prot.
1126 2393 1339 2486 apostolicos
1366 2395 1496 2470 Secret.

753 2669 758 2680 ,
771 2589 976 2664 cdxxxiv.

563 2709 698 2790 'onomrs
724 2735 751 2790 s,
777 2735 874 2788 naon
899 2737 990 2790 nnrrn
1015 2736 1179 2792 normann
1208 2793 1212 2801 ,

330 2843 383 2920 to
408 2841 610 2918 humillimas
634 2859 753 2936 preces
769 2843 822 2917 Fr.
841 2843 1008 2917 Francisci
1023 2843 1224 2929 Koraobicb,
1242 2841 1395 2918 moderni
1415 2845 1499 2920 Fra-

257 2963 347 3032 trum
372 2953 506 3032 Ordiois
535 2955 648 3030 Sancti
681 2956 772 3028 Pauli
803 2955 905 3028 Primi
937 2954 1102 3029 Eremitae
1135 2955 1360 3031 Procmatoris
1385 2956 1499 3031 Gene-

257 3069 355 3152 ralis,
381 3067 619 3142 sanctissimus
643 3067 806 3140 Dominus
831 3068 950 3143 Noster
974 3066 1174 3142 Benedictus
1197 3069 1259 3140 PP.
1281 3068 1358 3141 xlv
1374 3068 1497 3144 rolens

257 3195 375 3256 omnes
401 3187 435 3254 et
459 3180 607 3272 singulas
631 3179 796 3256 Ecclesiae
822 3179 975 3272 ejusdem
1000 3180 1134 3254 Ordinis
1159 3181 1192 3254 in
1219 3179 1308 3254 Urbe
1333 3187 1368 3257 et
1396 3189 1497 3256 extra

257 3293 381 3366 ltaliam
407 3289 581 3366 dumtaxat
606 3291 732 3382 ubique
757 3298 885 3365 erectas
910 3291 964 3366 rel
989 3292 1024 3366 in
1055 3299 1228 3385 posterum
1255 3291 1430 3384 erigendas
1456 3293 1496 3368 in

256 3404 381 3496 quibus
405 3403 516 3476 altare
542 3403 585 3476 ad
610 3410 744 3496 tempos
768 3404 919 3480 nondum
937 3405 1089 3497 elapsum
1109 3404 1280 3496 privilegio
1297 3403 1495 3482 decoratum

255 3517 368 3589 forsan
393 3514 515 3598 existit,
543 3514 635 3607 quod
663 3533 724 3608 per
755 3535 916 3609 praesens
949 3516 1121 3592 decretum
1153 3516 1343 3608 apostolica
1367 3515 1494 3592 lucto-

255 3629 351 3703 ritate
375 3629 567 3713 revocavit,
600 3645 639 3702 ac
670 3627 789 3702 iisdem
821 3630 962 3723 singolis
992 3629 1094 3702 situm
1123 3629 1234 3702 Altare
1259 3647 1278 3702 a
1302 3631 1495 3722 respective

255 3743 420 3816 Locorum
446 3740 621 3814 Ordinario
646 3741 750 3814 semel
776 3741 1030 3833 designandum,
1051 3741 1116 3814 boc
1141 3741 1276 3833 speciali
1301 3731 1390 3816 dono
1414 3742 1493 3818 illu·

258 3860 374 3938 strare,
401 3859 440 3926 ut
465 3852 747 3946 quandocumque
773 3852 936 3927 Sacerdos
953 3854 1073 3945 aliquis
1090 3854 1286 3940 Saecularis,
1307 3854 1364 3948 vel
1377 3856 1494 3948 cujus·

255 3965 307 4040 vis
333 3965 477 4048 Ordinis,
504 3965 788 4056 congregationis,
815 3973 872 4040 aot
896 3967 1038 4042 instituti
1064 3967 1248 4059 llegolaris,
1273 3966 1410 4040 Missam
1426 3986 1494 4060 pro

256 4078 366 4152 anima
391 4080 633 4171 cujuscumque
658 4077 890 4152 Christilldebs
916 4098 1002 4170 qnae
1028 4081 1098 4154 beo
1114 4081 1149 4152 in
1166 4079 1323 4154 charitate
1348 4081 1491 4172 conjon-

256 4197 307 4266 cta
334 4192 376 4266 ab
393 4193 456 4266 bae
472 4189 546 4266 loce
562 4191 753 4284 migraverit
769 4190 812 4266 ad
828 4191 939 4266 nitere
955 4193 1139 4286 praelatum
1156 4194 1350 4277 celebrabit,
1376 4193 1491 4268 anima

255 4305 329 4399 ipra
345 4303 388 4380 de
404 4305 562 4381 mesano
578 4305 745 4382 &dasian
756 4325 822 4401 per
838 4306 977 4382 modom
991 4307 1139 4400 soliragii
1152 4307 1393 4400 indulgentiam
1405 4325 1491 4382 con·
