<?xml version="1.0" encoding="UTF-8"?>
<!DOCTYPE html PUBLIC "-//W3C//DTD XHTML 1.0 Transitional//EN"
    "http://www.w3.org/TR/xhtml1/DTD/xhtml1-transitional.dtd">
<html xmlns="http://www.w3.org/1999/xhtml" xml:lang="en" lang="en">
 <head>
  <title>
</title>
<meta http-equiv="Content-Type" content="text/html;charset=utf-8" />
  <meta name='ocr-system' content='tesseract 3.04.00' />
  <meta name='ocr-capabilities' content='ocr_page ocr_carea ocr_par ocr_line ocrx_word'/>
</head>
<body>
  <div class='ocr_page' id='page_1' title='image "./resolutionesseu00pringoog_0603.png"; bbox 0 0 3346 4924; ppageno 0'>
   <div class='ocr_carea' id='block_1_1' title="bbox 761 369 984 436">
    <p class='ocr_par' dir='ltr' id='par_1_1' title="bbox 761 369 984 436">
     <span class='ocr_line' id='line_1_1' title="bbox 761 369 984 436; baseline 0 0"><span class='ocrx_word' id='word_1_1' title='bbox 761 383 806 420; x_wconf 87' lang='grc'><strong>-·-</strong></span> <span class='ocrx_word' id='word_1_2' title='bbox 835 369 906 436; x_wconf 80' lang='lat'><strong>598</strong></span> <span class='ocrx_word' id='word_1_3' title='bbox 932 382 984 418; x_wconf 91' lang='grc'><strong>-’</strong></span> 
     </span>
    </p>
   </div>
   <div class='ocr_carea' id='block_1_2' title="bbox 252 491 1516 2719">
    <p class='ocr_par' dir='ltr' id='par_1_2' title="bbox 252 491 1516 2719">
     <span class='ocr_line' id='line_1_2' title="bbox 255 491 1504 596; baseline -0.002 -20"><span class='ocrx_word' id='word_1_4' title='bbox 255 501 387 596; x_wconf 79' lang='lat' dir='ltr'><strong>possint</strong></span> <span class='ocrx_word' id='word_1_5' title='bbox 410 491 530 577; x_wconf 81' lang='lat' dir='ltr'><strong>lucrari</strong></span> <span class='ocrx_word' id='word_1_6' title='bbox 556 493 600 577; x_wconf 81' lang='lat' dir='ltr'><strong>ex</strong></span> <span class='ocrx_word' id='word_1_7' title='bbox 618 519 667 578; x_wconf 87' lang='lat' dir='ltr'><strong>eo</strong></span> <span class='ocrx_word' id='word_1_8' title='bbox 692 501 785 596; x_wconf 84' lang='lat' dir='ltr'><strong>qnod</strong></span> <span class='ocrx_word' id='word_1_9' title='bbox 807 505 905 596; x_wconf 82' lang='lat' dir='ltr'><strong>juxta</strong></span> <span class='ocrx_word' id='word_1_10' title='bbox 928 499 1142 596; x_wconf 75' lang='lat' dir='ltr'>praedictam</span> <span class='ocrx_word' id='word_1_11' title='bbox 1167 499 1427 574; x_wconf 70' lang='lat' dir='ltr'><strong>concessionem</strong></span> <span class='ocrx_word' id='word_1_12' title='bbox 1449 499 1504 572; x_wconf 73' lang='lat' dir='ltr'><strong>is-</strong></span> 
     </span>
     <span class='ocr_line' id='line_1_3' title="bbox 254 612 1503 712; baseline -0.002 -23"><span class='ocrx_word' id='word_1_13' title='bbox 254 617 313 712; x_wconf 83' lang='lat' dir='ltr'><strong>[rn</strong></span> <span class='ocrx_word' id='word_1_14' title='bbox 344 634 491 690; x_wconf 80' lang='lat' dir='ltr'><strong>mansure</strong></span> <span class='ocrx_word' id='word_1_15' title='bbox 516 617 649 709; x_wconf 80' lang='lat' dir='ltr'><strong>Maium</strong></span> <span class='ocrx_word' id='word_1_16' title='bbox 676 623 804 690; x_wconf 88' lang='lat' dir='ltr'><strong>tantum</strong></span> <span class='ocrx_word' id='word_1_17' title='bbox 830 621 882 689; x_wconf 91' lang='lat' dir='ltr'><strong>est</strong></span> <span class='ocrx_word' id='word_1_18' title='bbox 908 615 1052 707; x_wconf 73' lang='lat' dir='ltr'>elargita.</span> <span class='ocrx_word' id='word_1_19' title='bbox 1090 613 1177 687; x_wconf 90' lang='lat' dir='ltr'><strong>Hinc</strong></span> <span class='ocrx_word' id='word_1_20' title='bbox 1201 613 1356 687; x_wconf 83' lang='lat' dir='ltr'><strong>nonnulli</strong></span> <span class='ocrx_word' id='word_1_21' title='bbox 1387 612 1503 686; x_wconf 82' lang='grc'><strong>116616-</strong></span> 
     </span>
     <span class='ocr_line' id='line_1_4' title="bbox 257 727 1495 824; baseline -0.001 -23"><span class='ocrx_word' id='word_1_22' title='bbox 257 729 380 802; x_wconf 87' lang='lat' dir='ltr'><strong>siastici</strong></span> <span class='ocrx_word' id='word_1_23' title='bbox 406 731 468 803; x_wconf 83' lang='lat' dir='ltr'><strong>riri</strong></span> <span class='ocrx_word' id='word_1_24' title='bbox 486 729 594 804; x_wconf 82' lang='lat' dir='ltr'><strong>enixis</strong></span> <span class='ocrx_word' id='word_1_25' title='bbox 611 731 767 824; x_wconf 91' lang='lat' dir='ltr'><strong>precibus</strong></span> <span class='ocrx_word' id='word_1_26' title='bbox 793 729 1022 823; x_wconf 80' lang='lat' dir='ltr'><strong>supplicarunt</strong></span> <span class='ocrx_word' id='word_1_27' title='bbox 1038 728 1293 801; x_wconf 83' lang='lat' dir='ltr'><strong>sanctissimum</strong></span> <span class='ocrx_word' id='word_1_28' title='bbox 1313 727 1495 800; x_wconf 87' lang='lat' dir='ltr'><strong>Dominum</strong></span> 
     </span>
     <span class='ocr_line' id='line_1_5' title="bbox 254 835 1503 935; baseline 0 -19"><span class='ocrx_word' id='word_1_29' title='bbox 254 843 412 916; x_wconf 91' lang='lat' dir='ltr'><strong>Nostmm</strong></span> <span class='ocrx_word' id='word_1_30' title='bbox 437 841 533 915; x_wconf 88' lang='lat' dir='ltr'><strong>Pium</strong></span> <span class='ocrx_word' id='word_1_31' title='bbox 558 841 620 916; x_wconf 91' lang='lat' dir='ltr'><strong>PP.</strong></span> <span class='ocrx_word' id='word_1_32' title='bbox 647 843 693 915; x_wconf 88' lang='grc'><strong>111</strong></span> <span class='ocrx_word' id='word_1_33' title='bbox 718 849 756 916; x_wconf 89' lang='lat' dir='ltr'><strong>nt</strong></span> <span class='ocrx_word' id='word_1_34' title='bbox 780 841 825 916; x_wconf 87' lang='lat' dir='ltr'><strong>de</strong></span> <span class='ocrx_word' id='word_1_35' title='bbox 849 841 1040 935; x_wconf 75' lang='lat' dir='ltr'><strong>apostolica</strong></span> <span class='ocrx_word' id='word_1_36' title='bbox 1063 841 1275 935; x_wconf 87' lang='lat' dir='ltr'><strong>benignitate</strong></span> <span class='ocrx_word' id='word_1_37' title='bbox 1308 835 1503 933; x_wconf 86' lang='lat' dir='ltr'><strong>dignaretur·</strong></span> 
     </span>
     <span class='ocr_line' id='line_1_6' title="bbox 256 951 1502 1038; baseline -0.003 -10"><span class='ocrx_word' id='word_1_38' title='bbox 256 953 439 1029; x_wconf 81' lang='lat' dir='ltr'><strong>extendere</strong></span> <span class='ocrx_word' id='word_1_39' title='bbox 463 956 551 1028; x_wconf 88' lang='lat' dir='ltr'><strong>banc</strong></span> <span class='ocrx_word' id='word_1_40' title='bbox 575 952 837 1029; x_wconf 78' lang='lat' dir='ltr'><strong>concessionem</strong></span> <span class='ocrx_word' id='word_1_41' title='bbox 862 955 906 1029; x_wconf 90' lang='lat' dir='ltr'><strong>ita</strong></span> <span class='ocrx_word' id='word_1_42' title='bbox 931 961 969 1028; x_wconf 92' lang='lat' dir='ltr'><strong>ut</strong></span> <span class='ocrx_word' id='word_1_43' title='bbox 994 954 1148 1028; x_wconf 89' lang='lat' dir='ltr'><strong>eamdem</strong></span> <span class='ocrx_word' id='word_1_44' title='bbox 1177 953 1375 1038; x_wconf 85' lang='lat' dir='ltr'><strong>Plenerlam,</strong></span> <span class='ocrx_word' id='word_1_45' title='bbox 1394 951 1502 1026; x_wconf 86' lang='lat' dir='ltr'><strong>semel</strong></span> 
     </span>
     <span class='ocr_line' id='line_1_7' title="bbox 254 1065 1504 1162; baseline -0.002 -21"><span class='ocrx_word' id='word_1_46' title='bbox 254 1071 384 1141; x_wconf 86' lang='lat' dir='ltr'><strong>tantum</strong></span> <span class='ocrx_word' id='word_1_47' title='bbox 411 1065 660 1160; x_wconf 85' lang='lat' dir='ltr'><strong>acquirendam,</strong></span> <span class='ocrx_word' id='word_1_48' title='bbox 686 1065 803 1142; x_wconf 85' lang='lat' dir='ltr'><strong>fideles</strong></span> <span class='ocrx_word' id='word_1_49' title='bbox 829 1067 882 1142; x_wconf 87' lang='lat' dir='ltr'><strong>vel</strong></span> <span class='ocrx_word' id='word_1_50' title='bbox 906 1067 992 1140; x_wconf 87' lang='lat' dir='ltr'><strong>inira</strong></span> <span class='ocrx_word' id='word_1_51' title='bbox 1017 1067 1228 1162; x_wconf 84' lang='lat' dir='ltr'><strong>praedictum</strong></span> <span class='ocrx_word' id='word_1_52' title='bbox 1258 1083 1422 1150; x_wconf 88' lang='lat' dir='ltr'><strong>mensam,</strong></span> <span class='ocrx_word' id='word_1_53' title='bbox 1447 1065 1504 1139; x_wconf 76' lang='lat' dir='ltr'><strong>tol</strong></span> 
     </span>
     <span class='ocr_line' id='line_1_8' title="bbox 254 1177 1503 1273; baseline -0.001 -21"><span class='ocrx_word' id='word_1_54' title='bbox 254 1179 289 1252; x_wconf 93' lang='lat' dir='ltr'><strong>in</strong></span> <span class='ocrx_word' id='word_1_55' title='bbox 314 1179 423 1273; x_wconf 89' lang='lat' dir='ltr'><strong>primo</strong></span> <span class='ocrx_word' id='word_1_56' title='bbox 449 1179 566 1254; x_wconf 89' lang='lat' dir='ltr'><strong>saltem</strong></span> <span class='ocrx_word' id='word_1_57' title='bbox 593 1179 648 1255; x_wconf 92' lang='lat' dir='ltr'><strong>die</strong></span> <span class='ocrx_word' id='word_1_58' title='bbox 672 1177 757 1255; x_wconf 86' lang='lat' dir='ltr'><strong>testo</strong></span> <span class='ocrx_word' id='word_1_59' title='bbox 781 1181 908 1254; x_wconf 90' lang='lat' dir='ltr'><strong>mensis</strong></span> <span class='ocrx_word' id='word_1_60' title='bbox 925 1179 1013 1254; x_wconf 88' lang='lat' dir='ltr'><strong>lunii</strong></span> <span class='ocrx_word' id='word_1_61' title='bbox 1039 1179 1161 1254; x_wconf 88' lang='lat' dir='ltr'><strong>lucrari</strong></span> <span class='ocrx_word' id='word_1_62' title='bbox 1187 1179 1340 1269; x_wconf 81' lang='lat' dir='ltr'><strong>valeant3</strong></span> <span class='ocrx_word' id='word_1_63' title='bbox 1363 1183 1398 1252; x_wconf 90' lang='lat' dir='ltr'><strong>et</strong></span> <span class='ocrx_word' id='word_1_64' title='bbox 1417 1177 1503 1252; x_wconf 86' lang='lat' dir='ltr'><strong>lacta</strong></span> 
     </span>
     <span class='ocr_line' id='line_1_9' title="bbox 253 1290 1502 1387; baseline 0 -22"><span class='ocrx_word' id='word_1_65' title='bbox 253 1309 316 1385; x_wconf 87' lang='lat' dir='ltr'><strong>per</strong></span> <span class='ocrx_word' id='word_1_66' title='bbox 340 1308 396 1366; x_wconf 90' lang='lat' dir='ltr'><strong>me</strong></span> <span class='ocrx_word' id='word_1_67' title='bbox 423 1291 668 1387; x_wconf 79' lang='lat' dir='ltr'><strong>infrascriptum</strong></span> <span class='ocrx_word' id='word_1_68' title='bbox 687 1295 808 1368; x_wconf 88' lang='lat' dir='ltr'><strong>Sacrae</strong></span> <span class='ocrx_word' id='word_1_69' title='bbox 833 1290 1107 1386; x_wconf 82' lang='lat' dir='ltr'><strong>congregauonis</strong></span> <span class='ocrx_word' id='word_1_70' title='bbox 1133 1291 1420 1385; x_wconf 88' lang='lat' dir='ltr'><strong>indulgentiarum</strong></span> <span class='ocrx_word' id='word_1_71' title='bbox 1441 1291 1502 1365; x_wconf 86' lang='lat' dir='ltr'><strong>Se-</strong></span> 
     </span>
     <span class='ocr_line' id='line_1_10' title="bbox 254 1402 1502 1492; baseline 0 -14"><span class='ocrx_word' id='word_1_72' title='bbox 254 1405 432 1480; x_wconf 90' lang='lat' dir='ltr'><strong>cretarium</strong></span> <span class='ocrx_word' id='word_1_73' title='bbox 458 1407 575 1481; x_wconf 82' lang='lat' dir='ltr'><strong>Eidem</strong></span> <span class='ocrx_word' id='word_1_74' title='bbox 602 1407 819 1481; x_wconf 82' lang='lat' dir='ltr'><strong>sanctissimo</strong></span> <span class='ocrx_word' id='word_1_75' title='bbox 851 1405 1027 1492; x_wconf 80' lang='lat' dir='ltr'><strong>relatione,</strong></span> <span class='ocrx_word' id='word_1_76' title='bbox 1055 1402 1219 1479; x_wconf 87' lang='lat' dir='ltr'><strong>Sanctitas</strong></span> <span class='ocrx_word' id='word_1_77' title='bbox 1244 1405 1312 1478; x_wconf 84' lang='lat' dir='ltr'><strong>Sua</strong></span> <span class='ocrx_word' id='word_1_78' title='bbox 1344 1405 1502 1478; x_wconf 83' lang='lat' dir='ltr'><strong>ertenntt</strong></span> 
     </span>
     <span class='ocr_line' id='line_1_11' title="bbox 253 1517 1498 1614; baseline 0.001 -25"><span class='ocrx_word' id='word_1_79' title='bbox 253 1517 439 1592; x_wconf 89' lang='lat' dir='ltr'><strong>Plenariam</strong></span> <span class='ocrx_word' id='word_1_80' title='bbox 456 1519 697 1612; x_wconf 88' lang='lat' dir='ltr'><strong>indulgentiam</strong></span> <span class='ocrx_word' id='word_1_81' title='bbox 716 1517 759 1594; x_wconf 92' lang='lat' dir='ltr'><strong>ad</strong></span> <span class='ocrx_word' id='word_1_82' title='bbox 775 1519 922 1614; x_wconf 91' lang='lat' dir='ltr'><strong>primum</strong></span> <span class='ocrx_word' id='word_1_83' title='bbox 936 1517 1109 1593; x_wconf 74' lang='lat' dir='ltr'><strong>dumtaxat</strong></span> <span class='ocrx_word' id='word_1_84' title='bbox 1122 1519 1212 1593; x_wconf 90' lang='lat' dir='ltr'><strong>diem</strong></span> <span class='ocrx_word' id='word_1_85' title='bbox 1229 1517 1385 1611; x_wconf 80' lang='lat' dir='ltr'><strong>eiusdem</strong></span> <span class='ocrx_word' id='word_1_86' title='bbox 1403 1533 1498 1592; x_wconf 90' lang='lat' dir='ltr'><strong>men-</strong></span> 
     </span>
     <span class='ocr_line' id='line_1_12' title="bbox 253 1626 1499 1725; baseline 0 -23"><span class='ocrx_word' id='word_1_87' title='bbox 253 1630 301 1702; x_wconf 85' lang='lat' dir='ltr'><strong>sis</strong></span> <span class='ocrx_word' id='word_1_88' title='bbox 325 1626 424 1716; x_wconf 83' lang='lat' dir='ltr'><strong>tunii,</strong></span> <span class='ocrx_word' id='word_1_89' title='bbox 451 1632 495 1705; x_wconf 89' lang='lat' dir='ltr'><strong>ita</strong></span> <span class='ocrx_word' id='word_1_90' title='bbox 520 1637 558 1704; x_wconf 92' lang='lat' dir='ltr'><strong>ut</strong></span> <span class='ocrx_word' id='word_1_91' title='bbox 582 1649 701 1706; x_wconf 89' lang='lat' dir='ltr'><strong>omnes</strong></span> <span class='ocrx_word' id='word_1_92' title='bbox 726 1635 759 1706; x_wconf 92' lang='lat' dir='ltr'><strong>et</strong></span> <span class='ocrx_word' id='word_1_93' title='bbox 784 1631 906 1724; x_wconf 84' lang='lat' dir='ltr'><strong>singuli</strong></span> <span class='ocrx_word' id='word_1_94' title='bbox 921 1631 1161 1706; x_wconf 86' lang='lat' dir='ltr'><strong>Christibdeles</strong></span> <span class='ocrx_word' id='word_1_95' title='bbox 1187 1626 1281 1725; x_wconf 92' lang='lat' dir='ltr'><strong>pium</strong></span> <span class='ocrx_word' id='word_1_96' title='bbox 1306 1631 1371 1703; x_wconf 93' lang='lat' dir='ltr'><strong>boc</strong></span> <span class='ocrx_word' id='word_1_97' title='bbox 1399 1644 1499 1704; x_wconf 84' lang='lat' dir='ltr'><strong>exer-</strong></span> 
     </span>
     <span class='ocr_line' id='line_1_13' title="bbox 254 1738 1516 1837; baseline 0.002 -23"><span class='ocrx_word' id='word_1_98' title='bbox 254 1741 369 1815; x_wconf 83' lang='lat' dir='ltr'><strong>citium</strong></span> <span class='ocrx_word' id='word_1_99' title='bbox 403 1749 619 1837; x_wconf 84' lang='lat' dir='ltr'><strong>peragentes,</strong></span> <span class='ocrx_word' id='word_1_100' title='bbox 652 1738 896 1837; x_wconf 74' lang='lat' dir='ltr'><strong>indulgentiam</strong></span> <span class='ocrx_word' id='word_1_101' title='bbox 929 1745 1115 1818; x_wconf 89' lang='lat' dir='ltr'><strong>Plenariam</strong></span> <span class='ocrx_word' id='word_1_102' title='bbox 1141 1745 1194 1818; x_wconf 78' lang='lat' dir='ltr'><strong>rel</strong></span> <span class='ocrx_word' id='word_1_103' title='bbox 1223 1743 1309 1816; x_wconf 86' lang='lat' dir='ltr'><strong>inira</strong></span> <span class='ocrx_word' id='word_1_104' title='bbox 1343 1744 1516 1816; x_wconf 88' lang='lat' dir='ltr'><strong>mensam&#39;</strong></span> 
     </span>
     <span class='ocr_line' id='line_1_14' title="bbox 253 1849 1500 1949; baseline 0 -21"><span class='ocrx_word' id='word_1_105' title='bbox 253 1849 342 1938; x_wconf 86' lang='lat' dir='ltr'><strong>blaii,</strong></span> <span class='ocrx_word' id='word_1_106' title='bbox 371 1857 426 1928; x_wconf 84' lang='lat' dir='ltr'><strong>uel</strong></span> <span class='ocrx_word' id='word_1_107' title='bbox 450 1857 559 1949; x_wconf 89' lang='lat' dir='ltr'><strong>prima</strong></span> <span class='ocrx_word' id='word_1_108' title='bbox 584 1861 714 1930; x_wconf 88' lang='lat' dir='ltr'><strong>tantum</strong></span> <span class='ocrx_word' id='word_1_109' title='bbox 731 1856 786 1930; x_wconf 89' lang='lat' dir='ltr'><strong>dle</strong></span> <span class='ocrx_word' id='word_1_110' title='bbox 802 1855 929 1931; x_wconf 90' lang='lat' dir='ltr'><strong>mensis</strong></span> <span class='ocrx_word' id='word_1_111' title='bbox 945 1854 1033 1931; x_wconf 84' lang='lat' dir='ltr'><strong>lunii</strong></span> <span class='ocrx_word' id='word_1_112' title='bbox 1057 1855 1177 1930; x_wconf 86' lang='lat' dir='ltr'><strong>lucrari</strong></span> <span class='ocrx_word' id='word_1_113' title='bbox 1202 1861 1338 1948; x_wconf 78' lang='lat' dir='ltr'><strong>quaeant,</strong></span> <span class='ocrx_word' id='word_1_114' title='bbox 1358 1855 1500 1929; x_wconf 85' lang='lat' dir='ltr'><strong>serratis</strong></span> 
     </span>
     <span class='ocr_line' id='line_1_15' title="bbox 257 1967 1498 2064; baseline 0.002 -24"><span class='ocrx_word' id='word_1_115' title='bbox 257 1969 372 2040; x_wconf 83' lang='lat' dir='ltr'><strong>umen</strong></span> <span class='ocrx_word' id='word_1_116' title='bbox 404 1967 578 2043; x_wconf 85' lang='lat' dir='ltr'><strong>servandis</strong></span> <span class='ocrx_word' id='word_1_117' title='bbox 608 1967 703 2062; x_wconf 82' lang='lat' dir='ltr'><strong>juxta</strong></span> <span class='ocrx_word' id='word_1_118' title='bbox 735 1969 992 2064; x_wconf 83' lang='lat' dir='ltr'><strong>praecedentem</strong></span> <span class='ocrx_word' id='word_1_119' title='bbox 1025 1969 1296 2043; x_wconf 84' lang='lat' dir='ltr'><strong>concessionum.</strong></span> <span class='ocrx_word' id='word_1_120' title='bbox 1327 1967 1498 2042; x_wconf 81' lang='lat' dir='ltr'><strong>Praesenti</strong></span> 
     </span>
     <span class='ocr_line' id='line_1_16' title="bbox 258 2075 1500 2176; baseline 0.001 -24"><span class='ocrx_word' id='word_1_121' title='bbox 258 2075 378 2152; x_wconf 86' lang='lat' dir='ltr'><strong>tuturis</strong></span> <span class='ocrx_word' id='word_1_122' title='bbox 403 2082 576 2176; x_wconf 89' lang='lat' dir='ltr'><strong>perpetuis</strong></span> <span class='ocrx_word' id='word_1_123' title='bbox 601 2081 809 2176; x_wconf 83' lang='lat' dir='ltr'><strong>temporibus</strong></span> <span class='ocrx_word' id='word_1_124' title='bbox 834 2081 982 2156; x_wconf 84' lang='lat' dir='ltr'><strong>rabturb</strong></span> <span class='ocrx_word' id='word_1_125' title='bbox 1008 2081 1137 2174; x_wconf 78' lang='lat' dir='ltr'><strong>absque</strong></span> <span class='ocrx_word' id='word_1_126' title='bbox 1161 2081 1228 2155; x_wconf 90' lang='lat' dir='ltr'><strong>ulla</strong></span> <span class='ocrx_word' id='word_1_127' title='bbox 1252 2081 1368 2154; x_wconf 81' lang='lat' dir='ltr'><strong>Brevis</strong></span> <span class='ocrx_word' id='word_1_128' title='bbox 1392 2093 1500 2174; x_wconf 59' lang='lat' dir='ltr'><strong>eupe⁴</strong></span> 
     </span>
     <span class='ocr_line' id='line_1_17' title="bbox 256 2189 1499 2285; baseline 0.001 -22"><span class='ocrx_word' id='word_1_129' title='bbox 256 2189 393 2266; x_wconf 88' lang='lat' dir='ltr'><strong>ditione.</strong></span> <span class='ocrx_word' id='word_1_130' title='bbox 419 2191 493 2269; x_wconf 91' lang='lat' dir='ltr'><strong>Non</strong></span> <span class='ocrx_word' id='word_1_131' title='bbox 519 2191 730 2268; x_wconf 85' lang='lat' dir='ltr'><strong>obstantibus</strong></span> <span class='ocrx_word' id='word_1_132' title='bbox 745 2195 790 2268; x_wconf 91' lang='grc' dir='ltr'><strong>Ι16</strong></span> <span class='ocrx_word' id='word_1_133' title='bbox 815 2195 1018 2268; x_wconf 85' lang='lat' dir='ltr'><strong>conburium</strong></span> <span class='ocrx_word' id='word_1_134' title='bbox 1046 2193 1245 2268; x_wconf 84' lang='lat' dir='ltr'><strong>iacientibus</strong></span> <span class='ocrx_word' id='word_1_135' title='bbox 1276 2193 1499 2285; x_wconf 83' lang='lat' dir='ltr'><strong>quibuscum·</strong></span> 
     </span>
     <span class='ocr_line' id='line_1_18' title="bbox 258 2302 1500 2399; baseline 0 -21"><span class='ocrx_word' id='word_1_136' title='bbox 258 2319 336 2398; x_wconf 87' lang='lat' dir='ltr'><strong>que.</strong></span> <span class='ocrx_word' id='word_1_137' title='bbox 362 2302 484 2380; x_wconf 84' lang='lat' dir='ltr'><strong>Datum</strong></span> <span class='ocrx_word' id='word_1_138' title='bbox 507 2305 637 2380; x_wconf 84' lang='lat' dir='ltr'><strong>Romae</strong></span> <span class='ocrx_word' id='word_1_139' title='bbox 662 2325 706 2381; x_wconf 84' lang='lat' dir='ltr'><strong>ex</strong></span> <span class='ocrx_word' id='word_1_140' title='bbox 729 2305 913 2382; x_wconf 82' lang='lat' dir='ltr'><strong>secretaria</strong></span> <span class='ocrx_word' id='word_1_141' title='bbox 937 2307 1012 2380; x_wconf 82' lang='lat' dir='ltr'><strong>sac.</strong></span> <span class='ocrx_word' id='word_1_142' title='bbox 1031 2303 1303 2399; x_wconf 81' lang='lat' dir='ltr'><strong>congregauonis</strong></span> <span class='ocrx_word' id='word_1_143' title='bbox 1320 2303 1500 2396; x_wconf 85' lang='lat' dir='ltr'><strong>indulgen·</strong></span> 
     </span>
     <span class='ocr_line' id='line_1_19' title="bbox 252 2410 807 2513; baseline 0.013 -25"><span class='ocrx_word' id='word_1_144' title='bbox 252 2417 374 2491; x_wconf 89' lang='lat' dir='ltr'><strong>tiamm</strong></span> <span class='ocrx_word' id='word_1_145' title='bbox 399 2412 454 2493; x_wconf 90' lang='lat' dir='ltr'><strong>die</strong></span> <span class='ocrx_word' id='word_1_146' title='bbox 480 2423 502 2491; x_wconf 88' lang='lat'>8</span> <span class='ocrx_word' id='word_1_147' title='bbox 529 2410 672 2513; x_wconf 74' lang='lat' dir='ltr'><strong>Augusti</strong></span> <span class='ocrx_word' id='word_1_148' title='bbox 700 2421 807 2495; x_wconf 79' lang='grc'><strong>1859.</strong></span> 
     </span>
     <span class='ocr_line' id='line_1_20' title="bbox 927 2527 1443 2612; baseline -0.004 -8"><span class='ocrx_word' id='word_1_149' title='bbox 927 2529 963 2604; x_wconf 78' lang='grc'><strong>1.</strong></span> <span class='ocrx_word' id='word_1_150' title='bbox 990 2529 1093 2604; x_wconf 79' lang='lat' dir='ltr'><strong>Ceno.</strong></span> <span class='ocrx_word' id='word_1_151' title='bbox 1120 2528 1294 2612; x_wconf 82' lang='lat' dir='ltr'><strong>bsetnuros</strong></span> <span class='ocrx_word' id='word_1_152' title='bbox 1320 2527 1443 2602; x_wconf 79' lang='lat' dir='ltr'><strong>Peren</strong></span> 
     </span>
     <span class='ocr_line' id='line_1_21' title="bbox 999 2643 1381 2719; baseline 0 -3"><span class='ocrx_word' id='word_1_153' title='bbox 999 2645 1040 2719; x_wconf 86' lang='grc' dir='ltr'><strong>Α.</strong></span> <span class='ocrx_word' id='word_1_154' title='bbox 1069 2643 1230 2719; x_wconf 84' lang='lat' dir='ltr'><strong>Columbo</strong></span> <span class='ocrx_word' id='word_1_155' title='bbox 1257 2645 1381 2718; x_wconf 85' lang='lat' dir='ltr'><strong>Secret.</strong></span> 
     </span>
    </p>
   </div>
   <div class='ocr_carea' id='block_1_3' title="bbox 759 2833 982 2916">
    <p class='ocr_par' dir='ltr' id='par_1_3' title="bbox 759 2833 982 2916">
     <span class='ocr_line' id='line_1_22' title="bbox 759 2833 982 2916; baseline 0 -2"><span class='ocrx_word' id='word_1_156' title='bbox 759 2833 982 2916; x_wconf 75' lang='lat' dir='ltr'>DCLXXXV.</span> 
     </span>
    </p>
   </div>
   <div class='ocr_carea' id='block_1_4' title="bbox 736 2979 1015 3040">
    <p class='ocr_par' dir='ltr' id='par_1_4' title="bbox 736 2979 1015 3040">
     <span class='ocr_line' id='line_1_23' title="bbox 736 2979 1015 3040; baseline -0.004 -1"><span class='ocrx_word' id='word_1_157' title='bbox 736 2983 830 3040; x_wconf 79' lang='lat' dir='ltr'>URBIS</span> <span class='ocrx_word' id='word_1_158' title='bbox 856 2984 897 3039; x_wconf 73' lang='grc' dir='ltr'><strong>ΕΤ</strong></span> <span class='ocrx_word' id='word_1_159' title='bbox 922 2979 1015 3039; x_wconf 77' lang='lat' dir='ltr'><strong>obers</strong></span> 
     </span>
    </p>
   </div>
   <div class='ocr_carea' id='block_1_5' title="bbox 249 3076 1496 4421">
    <p class='ocr_par' dir='ltr' id='par_1_5' title="bbox 249 3076 1496 4421">
     <span class='ocr_line' id='line_1_24' title="bbox 325 3076 1496 3186; baseline 0.002 -24"><span class='ocrx_word' id='word_1_160' title='bbox 325 3076 417 3162; x_wconf 84' lang='lat' dir='ltr'><strong>Cum</strong></span> <span class='ocrx_word' id='word_1_161' title='bbox 435 3077 490 3185; x_wconf 78' lang='lat' dir='ltr'><strong>pia</strong></span> <span class='ocrx_word' id='word_1_162' title='bbox 516 3085 681 3182; x_wconf 78' lang='lat' dir='ltr'><strong>quaedam</strong></span> <span class='ocrx_word' id='word_1_163' title='bbox 708 3109 747 3164; x_wconf 90' lang='lat' dir='ltr'><strong>ac</strong></span> <span class='ocrx_word' id='word_1_164' title='bbox 774 3089 895 3166; x_wconf 86' lang='lat' dir='ltr'><strong>devota</strong></span> <span class='ocrx_word' id='word_1_165' title='bbox 918 3090 1087 3186; x_wconf 88' lang='lat' dir='ltr'><strong>praecatio</strong></span> <span class='ocrx_word' id='word_1_166' title='bbox 1111 3091 1147 3164; x_wconf 91' lang='lat' dir='ltr'><strong>in</strong></span> <span class='ocrx_word' id='word_1_167' title='bbox 1171 3089 1335 3164; x_wconf 83' lang='lat' dir='ltr'><strong>bonorem</strong></span> <span class='ocrx_word' id='word_1_168' title='bbox 1368 3089 1496 3164; x_wconf 81' lang='lat' dir='ltr'><strong>litatis·</strong></span> 
     </span>
     <span class='ocr_line' id='line_1_25' title="bbox 251 3196 1496 3296; baseline 0.002 -23"><span class='ocrx_word' id='word_1_169' title='bbox 251 3196 356 3274; x_wconf 86' lang='lat' dir='ltr'><strong>simae</strong></span> <span class='ocrx_word' id='word_1_170' title='bbox 381 3201 583 3296; x_wconf 81' lang='lat' dir='ltr'><strong>semperque</strong></span> <span class='ocrx_word' id='word_1_171' title='bbox 609 3199 755 3296; x_wconf 77' lang='lat' dir='ltr'><strong>Virginis</strong></span> <span class='ocrx_word' id='word_1_172' title='bbox 779 3203 903 3279; x_wconf 85' lang='lat' dir='ltr'><strong>itariae</strong></span> <span class='ocrx_word' id='word_1_173' title='bbox 928 3199 994 3278; x_wconf 90' lang='lat' dir='ltr'><strong>sub</strong></span> <span class='ocrx_word' id='word_1_174' title='bbox 1010 3204 1106 3277; x_wconf 84' lang='lat' dir='ltr'><strong>btuto</strong></span> <span class='ocrx_word' id='word_1_175' title='bbox 1122 3203 1265 3278; x_wconf 70' lang='lat' dir='ltr'><strong>ltatotis</strong></span> <span class='ocrx_word' id='word_1_176' title='bbox 1281 3199 1434 3294; x_wconf 88' lang='lat' dir='ltr'><strong>pluribus</strong></span> <span class='ocrx_word' id='word_1_177' title='bbox 1451 3200 1496 3276; x_wconf 85' lang='lat' dir='ltr'><strong>ab</strong></span> 
     </span>
     <span class='ocr_line' id='line_1_26' title="bbox 250 3309 1496 3408; baseline 0.004 -24"><span class='ocrx_word' id='word_1_178' title='bbox 250 3309 329 3385; x_wconf 90' lang='lat' dir='ltr'><strong>hinc</strong></span> <span class='ocrx_word' id='word_1_179' title='bbox 355 3315 450 3388; x_wconf 90' lang='lat' dir='ltr'><strong>annis</strong></span> <span class='ocrx_word' id='word_1_180' title='bbox 475 3315 564 3408; x_wconf 76' lang='lat' dir='ltr'><strong>typis</strong></span> <span class='ocrx_word' id='word_1_181' title='bbox 590 3313 633 3388; x_wconf 86' lang='lat' dir='ltr'><strong>sit</strong></span> <span class='ocrx_word' id='word_1_182' title='bbox 658 3311 823 3408; x_wconf 84' lang='lat' dir='ltr'><strong>evulgata,</strong></span> <span class='ocrx_word' id='word_1_183' title='bbox 851 3318 947 3408; x_wconf 82' lang='lat' dir='ltr'><strong>cujus</strong></span> <span class='ocrx_word' id='word_1_184' title='bbox 972 3315 1103 3389; x_wconf 88' lang='lat' dir='ltr'><strong>initium</strong></span> <span class='ocrx_word' id='word_1_185' title='bbox 1122 3315 1312 3408; x_wconf 74' lang='lat' dir='ltr'><strong>dcnrtttesso</strong></span> <span class='ocrx_word' id='word_1_186' title='bbox 1329 3315 1367 3387; x_wconf 85' lang='lat' dir='ltr'><strong>ei</strong></span> <span class='ocrx_word' id='word_1_187' title='bbox 1386 3313 1496 3389; x_wconf 73' lang='lat' dir='ltr'><strong>murt</strong></span> 
     </span>
     <span class='ocr_line' id='line_1_27' title="bbox 254 3425 1494 3520; baseline 0.002 -22"><span class='ocrx_word' id='word_1_188' title='bbox 254 3425 447 3500; x_wconf 77' lang='lat' dir='ltr'><strong>santissimi</strong></span> <span class='ocrx_word' id='word_1_189' title='bbox 465 3425 563 3501; x_wconf 83' lang='lat' dir='ltr'><strong>Piedi</strong></span> <span class='ocrx_word' id='word_1_190' title='bbox 580 3433 642 3501; x_wconf 89' lang='lat' dir='ltr'><strong>etc.</strong></span> <span class='ocrx_word' id='word_1_191' title='bbox 660 3445 728 3501; x_wconf 89' lang='grc'><strong>666</strong></span> <span class='ocrx_word' id='word_1_192' title='bbox 745 3443 823 3502; x_wconf 92' lang='lat' dir='ltr'><strong>cum</strong></span> <span class='ocrx_word' id='word_1_193' title='bbox 840 3427 1074 3502; x_wconf 75' lang='lat' dir='ltr'><strong>enuntiatione</strong></span> <span class='ocrx_word' id='word_1_194' title='bbox 1091 3425 1385 3520; x_wconf 78' lang='lat' dir='ltr'><strong>indulgentiarum,</strong></span> <span class='ocrx_word' id='word_1_195' title='bbox 1406 3441 1494 3518; x_wconf 78' lang='lat' dir='ltr'><strong>qnae</strong></span> 
     </span>
     <span class='ocr_line' id='line_1_28' title="bbox 251 3531 1496 3624; baseline 0.002 -15"><span class='ocrx_word' id='word_1_196' title='bbox 251 3535 300 3610; x_wconf 89' lang='lat' dir='ltr'><strong>uti</strong></span> <span class='ocrx_word' id='word_1_197' title='bbox 326 3531 495 3624; x_wconf 89' lang='lat' dir='ltr'><strong>asseritur,</strong></span> <span class='ocrx_word' id='word_1_198' title='bbox 522 3557 570 3612; x_wconf 90' lang='lat' dir='ltr'><strong>sa.</strong></span> <span class='ocrx_word' id='word_1_199' title='bbox 598 3557 664 3614; x_wconf 89' lang='lat' dir='ltr'><strong>me.</strong></span> <span class='ocrx_word' id='word_1_200' title='bbox 690 3539 769 3615; x_wconf 89' lang='lat' dir='ltr'><strong>Pius</strong></span> <span class='ocrx_word' id='word_1_201' title='bbox 794 3539 856 3614; x_wconf 93' lang='lat' dir='ltr'><strong>PP.</strong></span> <span class='ocrx_word' id='word_1_202' title='bbox 883 3541 942 3614; x_wconf 87' lang='lat' dir='ltr'><strong>vtt</strong></span> <span class='ocrx_word' id='word_1_203' title='bbox 968 3540 1033 3614; x_wconf 87' lang='lat' dir='ltr'><strong>sub</strong></span> <span class='ocrx_word' id='word_1_204' title='bbox 1057 3532 1113 3613; x_wconf 90' lang='lat' dir='ltr'><strong>die</strong></span> <span class='ocrx_word' id='word_1_205' title='bbox 1137 3539 1292 3613; x_wconf 78' lang='lat' dir='ltr'><strong>bblertii</strong></span> <span class='ocrx_word' id='word_1_206' title='bbox 1322 3539 1496 3612; x_wconf 78' lang='grc'><strong>186616·</strong></span> 
     </span>
     <span class='ocr_line' id='line_1_29' title="bbox 249 3649 1492 3742; baseline 0.003 -20"><span class='ocrx_word' id='word_1_207' title='bbox 249 3651 390 3742; x_wconf 93' lang='lat' dir='ltr'><strong>pertitus</strong></span> <span class='ocrx_word' id='word_1_208' title='bbox 416 3655 477 3736; x_wconf 91' lang='lat' dir='ltr'><strong>est,</strong></span> <span class='ocrx_word' id='word_1_209' title='bbox 502 3649 633 3726; x_wconf 89' lang='lat' dir='ltr'><strong>nullum</strong></span> <span class='ocrx_word' id='word_1_210' title='bbox 654 3662 770 3728; x_wconf 88' lang='lat' dir='ltr'><strong>tamen</strong></span> <span class='ocrx_word' id='word_1_211' title='bbox 795 3653 838 3727; x_wconf 91' lang='lat' dir='ltr'><strong>de</strong></span> <span class='ocrx_word' id='word_1_212' title='bbox 864 3657 990 3726; x_wconf 88' lang='lat' dir='ltr'><strong>asserta</strong></span> <span class='ocrx_word' id='word_1_213' title='bbox 1004 3651 1234 3725; x_wconf 78' lang='lat' dir='ltr'><strong>concessure</strong></span> <span class='ocrx_word' id='word_1_214' title='bbox 1250 3649 1492 3726; x_wconf 87' lang='lat' dir='ltr'><strong>documentum</strong></span> 
     </span>
     <span class='ocr_line' id='line_1_30' title="bbox 249 3763 1494 3860; baseline 0.003 -26"><span class='ocrx_word' id='word_1_215' title='bbox 249 3764 444 3856; x_wconf 86' lang='lat' dir='ltr'><strong>reperiatur,</strong></span> <span class='ocrx_word' id='word_1_216' title='bbox 463 3763 542 3837; x_wconf 86' lang='lat' dir='ltr'><strong>binc</strong></span> <span class='ocrx_word' id='word_1_217' title='bbox 558 3765 753 3840; x_wconf 87' lang='lat' dir='ltr'><strong>humillimis</strong></span> <span class='ocrx_word' id='word_1_218' title='bbox 771 3765 929 3860; x_wconf 84' lang='lat' dir='ltr'><strong>precibus</strong></span> <span class='ocrx_word' id='word_1_219' title='bbox 944 3765 1164 3858; x_wconf 80' lang='lat' dir='ltr'><strong>quamplures</strong></span> <span class='ocrx_word' id='word_1_220' title='bbox 1184 3763 1425 3838; x_wconf 79' lang='lat' dir='ltr'><strong>christifideles</strong></span> <span class='ocrx_word' id='word_1_221' title='bbox 1440 3780 1494 3837; x_wconf 89' lang='lat' dir='ltr'><strong>ro·</strong></span> 
     </span>
     <span class='ocr_line' id='line_1_31' title="bbox 250 3871 1492 3964; baseline 0.001 -17"><span class='ocrx_word' id='word_1_222' title='bbox 250 3871 373 3964; x_wconf 84' lang='lat' dir='ltr'><strong>gabant</strong></span> <span class='ocrx_word' id='word_1_223' title='bbox 398 3873 653 3951; x_wconf 84' lang='lat' dir='ltr'><strong>sanctissimum</strong></span> <span class='ocrx_word' id='word_1_224' title='bbox 677 3879 860 3952; x_wconf 87' lang='lat' dir='ltr'><strong>Dominum</strong></span> <span class='ocrx_word' id='word_1_225' title='bbox 883 3877 1043 3952; x_wconf 87' lang='lat' dir='ltr'><strong>Nostrum</strong></span> <span class='ocrx_word' id='word_1_226' title='bbox 1065 3877 1160 3950; x_wconf 88' lang='lat' dir='ltr'><strong>Pium</strong></span> <span class='ocrx_word' id='word_1_227' title='bbox 1186 3876 1248 3948; x_wconf 91' lang='lat' dir='ltr'><strong>PP.</strong></span> <span class='ocrx_word' id='word_1_228' title='bbox 1275 3877 1322 3948; x_wconf 83' lang='lat' dir='ltr'><strong>tx</strong></span> <span class='ocrx_word' id='word_1_229' title='bbox 1346 3881 1385 3949; x_wconf 92' lang='lat' dir='ltr'><strong>ut</strong></span> <span class='ocrx_word' id='word_1_230' title='bbox 1400 3892 1492 3950; x_wconf 78' lang='lat' dir='ltr'><strong>eant·</strong></span> 
     </span>
     <span class='ocr_line' id='line_1_32' title="bbox 251 3985 1492 4086; baseline 0.002 -28"><span class='ocrx_word' id='word_1_231' title='bbox 251 3985 329 4058; x_wconf 92' lang='lat' dir='ltr'><strong>dem</strong></span> <span class='ocrx_word' id='word_1_232' title='bbox 353 3985 638 4081; x_wconf 89' lang='lat' dir='ltr'><strong>indulgentiarum</strong></span> <span class='ocrx_word' id='word_1_233' title='bbox 656 3989 885 4086; x_wconf 88' lang='lat' dir='ltr'><strong>elargitionem</strong></span> <span class='ocrx_word' id='word_1_234' title='bbox 911 3989 1104 4082; x_wconf 88' lang='lat' dir='ltr'><strong>dignaretur</strong></span> <span class='ocrx_word' id='word_1_235' title='bbox 1129 3987 1339 4073; x_wconf 78' lang='lat' dir='ltr'><strong>confirmare,</strong></span> <span class='ocrx_word' id='word_1_236' title='bbox 1358 3993 1392 4062; x_wconf 89' lang='lat' dir='ltr'><strong>et</strong></span> <span class='ocrx_word' id='word_1_237' title='bbox 1407 4005 1492 4081; x_wconf 77' lang='grc'><strong>666·</strong></span> 
     </span>
     <span class='ocr_line' id='line_1_33' title="bbox 249 4100 1495 4196; baseline 0.002 -25"><span class='ocrx_word' id='word_1_238' title='bbox 249 4100 349 4172; x_wconf 92' lang='lat' dir='ltr'><strong>tenus</strong></span> <span class='ocrx_word' id='word_1_239' title='bbox 375 4119 460 4195; x_wconf 90' lang='lat' dir='ltr'><strong>opus</strong></span> <span class='ocrx_word' id='word_1_240' title='bbox 486 4101 539 4189; x_wconf 90' lang='lat' dir='ltr'><strong>sit,</strong></span> <span class='ocrx_word' id='word_1_241' title='bbox 566 4103 609 4177; x_wconf 90' lang='lat' dir='ltr'><strong>de</strong></span> <span class='ocrx_word' id='word_1_242' title='bbox 634 4121 723 4178; x_wconf 80' lang='grc'><strong>6666</strong></span> <span class='ocrx_word' id='word_1_243' title='bbox 749 4103 946 4178; x_wconf 88' lang='lat' dir='ltr'><strong>concedere.</strong></span> <span class='ocrx_word' id='word_1_244' title='bbox 971 4105 1088 4196; x_wconf 82' lang='lat' dir='ltr'><strong>ltaque</strong></span> <span class='ocrx_word' id='word_1_245' title='bbox 1114 4102 1276 4176; x_wconf 85' lang='lat' dir='ltr'><strong>Sanctitas</strong></span> <span class='ocrx_word' id='word_1_246' title='bbox 1302 4103 1371 4175; x_wconf 89' lang='lat' dir='ltr'><strong>Sua</strong></span> <span class='ocrx_word' id='word_1_247' title='bbox 1387 4101 1495 4195; x_wconf 81' lang='lat' dir='ltr'><strong>preci·</strong></span> 
     </span>
     <span class='ocr_line' id='line_1_34' title="bbox 250 4209 1494 4310; baseline 0.003 -27"><span class='ocrx_word' id='word_1_248' title='bbox 250 4209 345 4284; x_wconf 89' lang='lat' dir='ltr'><strong>cibus</strong></span> <span class='ocrx_word' id='word_1_249' title='bbox 370 4213 503 4308; x_wconf 90' lang='lat' dir='ltr'><strong>piorum</strong></span> <span class='ocrx_word' id='word_1_250' title='bbox 528 4215 679 4291; x_wconf 84' lang='lat' dir='ltr'><strong>duettum</strong></span> <span class='ocrx_word' id='word_1_251' title='bbox 706 4216 966 4292; x_wconf 89' lang='lat' dir='ltr'><strong>clementissime</strong></span> <span class='ocrx_word' id='word_1_252' title='bbox 992 4215 1153 4310; x_wconf 84' lang='lat' dir='ltr'><strong>exceptis,</strong></span> <span class='ocrx_word' id='word_1_253' title='bbox 1177 4221 1212 4290; x_wconf 88' lang='lat' dir='ltr'><strong>et</strong></span> <span class='ocrx_word' id='word_1_254' title='bbox 1235 4221 1274 4289; x_wconf 92' lang='lat' dir='ltr'><strong>ut</strong></span> <span class='ocrx_word' id='word_1_255' title='bbox 1297 4213 1405 4308; x_wconf 86' lang='lat' dir='ltr'><strong>magis</strong></span> <span class='ocrx_word' id='word_1_256' title='bbox 1428 4229 1494 4308; x_wconf 82' lang='lat' dir='ltr'><strong>per</strong></span> 
     </span>
     <span class='ocr_line' id='line_1_35' title="bbox 250 4320 1492 4421; baseline 0.005 -23"><span class='ocrx_word' id='word_1_257' title='bbox 250 4320 376 4401; x_wconf 85' lang='lat' dir='ltr'><strong>Orbem</strong></span> <span class='ocrx_word' id='word_1_258' title='bbox 399 4325 672 4407; x_wconf 70' lang='lat' dir='ltr'><strong>christifidelium</strong></span> <span class='ocrx_word' id='word_1_259' title='bbox 709 4329 842 4406; x_wconf 88' lang='lat' dir='ltr'><strong>devotio</strong></span> <span class='ocrx_word' id='word_1_260' title='bbox 874 4345 954 4421; x_wconf 86' lang='lat' dir='ltr'><strong>erga</strong></span> <span class='ocrx_word' id='word_1_261' title='bbox 987 4329 1236 4406; x_wconf 80' lang='lat' dir='ltr'><strong>sanctissimam</strong></span> <span class='ocrx_word' id='word_1_262' title='bbox 1265 4328 1327 4404; x_wconf 84' lang='grc'><strong>1161</strong></span> <span class='ocrx_word' id='word_1_263' title='bbox 1351 4327 1492 4404; x_wconf 66' lang='lat' dir='ltr'><strong>ttmer</strong></span> 
     </span>
    </p>
   </div>
   <div class='ocr_carea' id='block_1_6' title="bbox 0 0 1678 4924">
    <p class='ocr_par' dir='ltr' id='par_1_6' title="bbox 0 0 1678 4924">
     <span class='ocr_line' id='line_1_36' title="bbox 0 0 1678 4924; baseline 0 1"><span class='ocrx_word' id='word_1_264' title='bbox 0 0 1678 4924; x_wconf 95' lang='lat' dir='ltr'><strong> </strong></span> 
     </span>
    </p>
   </div>
  </div>
 </body>
</html>
