3134 4918
716 293 934 397 -ocuss

761 513 896 594 DXXV.

725 678 931 734 musaeum.

154 895 155 900 Ν
285 804 370 878 Cum
405 803 590 897 Episcopus
626 799 880 875 dommucensis
906 800 954 872 dn
986 797 1157 892 cudendis
1177 796 1458 883 ,sodalitatibus

211 917 448 1010 calamumque
466 915 567 1001 tituli,
583 915 766 1006 nonnique
783 911 971 988 sodalitati
988 911 1108 986 cadem
1124 916 1257 988 statuto
1273 913 1460 988 sananda

211 1041 407 1127 tradiderit,
434 1042 517 1140 quin
541 1037 672 1116 mentio·
683 1039 748 1134 fiat
770 1039 806 1114 in
823 1039 906 1133 ipsis
930 1038 973 1113 de
998 1039 1126 1132 aliquo·
1137 1039 1200 1132 pio
1226 1055 1329 1133 opere
1348 1059 1374 1114 a
1394 1042 1460 1116 So

209 1151 353 1230 dolibrcs.
367 1151 571 1237 educenda,
589 1152 735 1246 puduit
759 1166 783 1225 a
809 1153 888 1225 sac:
916 1151 1198 1245 dbnprcpatioue.

272 1267 333 1341 tc
351 1267 482 1342 illrum
508 1263 747 1359 Indulpontiae
763 1265 891 1339 talibus
910 1263 1161 1338 sodalitatibus
1187 1265 1232 1338 ab
1249 1264 1461 1359 Apostolica

207 1377 293 1456 Sede
318 1395 494 1456 concessae
518 1379 659 1454 ualidae
684 1379 878 1478 sinteino
896 1376 1038 1452 &dales
1064 1397 1122 1452 cos
1147 1377 1281 1452 lunari
1300 1379 1458 1472 possint,

209 1494 405 1588 adimpletis
438 1487 578 1569 tontunc¹
606 1491 866 1567 conditionibus.
886 1492 924 1564 in
952 1491 1139 1585 Pontificius
1172 1491 1462 1566 concessionibus

203 1608 472 1702 praescriptisi·

266 1721 357 1794 -Saa
384 1719 604 1813 Conmegatia
629 1715 803 1812 respondit
819 1713 1081 1791 «affirmatas»

282 1830 333 1905 2⁰
363 1831 482 1907 illrum
504 1833 669 1926 praefato
695 1833 826 1906 statuto
851 1830 1024 1905 seruanda
1049 1829 1188 1903 sintsub
1210 1847 1327 1923 poena
1344 1831 1459 1906 nulli·

209 1943 290 2032 tatis
315 1941 625 2038 indulpcntiarum,
656 1943 707 2017 ita
731 1947 770 2018 ul
794 1943 908 2038 fideles
940 1941 1166 2036 indulpcntiis
1193 1942 1382 2036 priventur
1413 1945 1458 2018 ob

209 2057 646 2136 eomnluobscroanclam
671 2057 741 2130 siue
766 2057 950 2150 inlapsum,
977 2056 1047 2129 sice
1072 2073 1116 2140 ec
1136 2059 1437 2148 postulantum?

328 2169 402 2252 Soc.
420 2169 640 2265 congregatio
658 2169 832 2264 respondit
859 2166 1078 2242 «Dummodo
1094 2166 1293 2244 sodalitates
1310 2170 1383 2242 sint
1403 2187 1461 2246 ca·

208 2281 330 2359 monice
354 2289 496 2369 enacim,
523 2289 557 2358 et
581 2282 720 2357 sodales
746 2281 950 2376 adimpleant
966 2297 1068 2376 opera
1093 2279 1240 2373 injuncta
1261 2281 1461 2356 asummis

53 2481 56 2487 ,
208 2393 426 2472 eontmtbus
451 2414 513 2491 pro
538 2395 706 2471 lucrandis
731 2393 949 2486 indulgentiis
973 2409 1058 2467 suae
1081 2394 1288 2485 respectivae
1312 2393 1462 2469 Comicu-

207 2509 351 2584 icrnitati
377 2509 540 2596 adnexis
573 2508 707 2603 ipsiquo
737 2507 875 2581 Sodaics
908 2505 1055 2598 legitimo
1080 2503 1239 2598 descripti
1263 2505 1394 2580 fuerim
1423 2507 1461 2582 in

121 2615 124 2621 ’
206 2615 527 2706 Condatemitatem
554 2619 801 2696 inobservantia
826 2619 984 2713 partialis,
1011 2635 1088 2692 seu·
1109 2614 1274 2710 generalis
1301 2617 1460 2695 statuta·

110 2765 113 2770 ·
207 2749 291 2824 lum¹
313 2751 384 2808 non
412 2733 511 2808 obest
543 2731 754 2827 acquisitioni
785 2731 1099 2824 indulgentiarum
1117 2749 1162 2804 ex
1188 2747 1229 2803 eo
1254 2731 1348 2823 quod
1373 2733 1458 2807 Sta·

204 2851 276 2920 tuta
301 2849 381 2920 suot
396 2845 517 2941 potius
542 2845 850 2938 aasumensi
875 2843 917 2917 ad
942 2848 1069 2920 rectam
1089 2842 1278 2916 sodalitatis
1302 2843 1456 2920 admini-

205 2951 399 3032 strationem
424 2957 519 3046 duta,
537 2959 685 3032 minime
709 2974 791 3032 vero
816 2963 989 3050 tamquam
1019 2957 1169 3050 injuncta
1193 2973 1296 3050 opera
1321 2953 1367 3032 ad
1396 2959 1455 3034 in·

204 3063 391 3164 abigendas
418 3071 692 3166 assumendas».

281 3181 482 3260 itil⁰truou
506 3187 653 3280 coemtio
679 3183 842 3280 tideliora,
860 3201 919 3259 seu
940 3117 1191 3278 adscriptione
1218 3183 1456 3261 sodalitatem

204 3295 369 3392 mffimens
393 3299 437 3376 sit
453 3298 503 3374 od
519 3297 708 3374 lucrandas
734 3297 891 3374 adnexas
916 3297 1154 3392 indulpentias
1177 3297 1314 3393 [actua
1335 3301 1455 3376 Paro·

205 3407 268 3486 cbo
286 3411 471 3506 remeatioo
488 3411 581 3487 illius
597 3411 798 3488 Ecclesiae
783 3431 821 3487 un
838 3427 908 3506 pua
927 3410 1102 3486 sodalitas
1127 3411 1299 3506 repuitur
1319 3419 1453 3500 crecta,

207 3523 364 3616 amaris
390 3525 530 3600 statuta
554 3525 759 3602 mentionem
774 3543 844 3601 nou
860 3524 995 3620 saciant
1012 3523 1105 3619 quod
1120 3523 1298 3600 Parocbus
1321 3525 1455 3602 debeat

206 3653 275 3711 esse
303 3633 507 3713 sodalitatis
527 3639 654 3714 flector
666 3639 691 3711 i⁴
712 3659 730 3696 ν

258 3749 351 3826 ἐπ.
365 3749 586 3846 conmegatio
599 3747 772 3847 respondit
790 3747 1023 3828 «affirmative
1035 3757 1202 3845 quatenus
1215 3749 1388 3828 Paroohus
1402 3753 1450 3827 sit

203 3861 246 3942 ab
270 3863 438 3960 Episcopo
463 3865 612 3959 erigente
635 3864 815 3960 deputatus
836 3863 880 3938 ad
895 3863 1107 3960 recipiendos
1133 3864 1283 3952 sodates,
1310 3865 1450 3941 edamsi

202 3973 301 4051 nulia
318 3975 361 4052 de
387 3995 428 4052 eo
453 3977 538 4052 iacta
563 3980 606 4052 sit
630 3978 756 4053 mentio
781 3977 817 4054 in
842 3977 980 4053 Salutis
993 4007 1028 4052 2.
1071 3993 1073 4000 ’

279 4085 330 4163 t.⁰
351 4087 788 4186 circumamplector
806 4089 1004 4185 Apostolica
1022 4088 1108 4164 Sede
1123 4087 1351 4186 facultatibus
1365 4095 1451 4166 utut

203 4198 329 4277 muniti
354 4199 631 4278 communicandi
654 4199 905 4298 indulpentins¹
918 4201 1181 4286 sodalitatibus,
1209 4215 1296 4297 quos
1312 4205 1350 4278 in
1360 4221 1450 4298 pro-

100 4381 104 4392 .
199 4314 290 4410 petis
306 4314 529 4394 'Eiocceubus
553 4320 745 4401 account,
763 4313 908 4394 debeant
924 4315 985 4392 sub
1003 4333 1120 4412 poena
1136 4315 1308 4395 nullttotis
1331 4325 1448 4394 necm-
