3214 4928
841 343 1010 408 .-.-u-

311 475 447 566 diridua
472 477 641 562 montione
666 481 699 557 et
724 475 944 566 expressione
970 475 1090 566 dignis,
1108 475 1252 559 licuisse,
1275 494 1340 550 nac
1364 477 1399 550 iu
1424 484 1537 572 poste-v

310 608 387 676 rum
412 587 696 680 quandocumque
721 586 903 670 liciturum,
924 585 1008 661 ullas
1024 584 1251 678 indulgentias
1265 587 1336 664 aliis
1350 591 1537 670 communi·

311 721 397 790 cara,
424 701 490 776 nisi
514 718 582 786 eas,
609 718 697 792 quae
722 719 742 772 a
766 704 952 784 memorato
978 699 1079 775 Paulo
1104 700 1158 774 rel
1183 701 1256 792 rjus
1285 702 1538 790 successoribus

309 814 469 894 somanls
495 812 711 891 Pontificibus
737 811 962 905 praescriptae
986 817 1021 898 et
1045 829 1238 898 concessae,
1264 831 1327 888 sen
1343 819 1440 890 antea
1455 833 1537 888 coo-

310 944 437 1018 oessaa,
464 925 650 1020 specialiter
675 929 793 1020 posca
817 931 1007 1011 renovatae,
1033 925 1105 1010 sius
1130 925 1166 1001 in
1190 926 1303 1018 specie
1323 925 1539 1012 confirmatae

308 1039 444 1128 laimunt
469 1038 599 1127 etiarnsi
623 1036 763 1124 laeultas
787 1037 859 1124 illas
885 1037 1154 1126 communicandi
1179 1038 1228 1113 eie
1253 1036 1540 1134 13501161ρο-

309 1151 425 1242 sintita
449 1168 528 1238 tutu
552 1149 729 1242 quibusvis
746 1147 903 1238 clausulis
929 1153 962 1224 et
987 1147 1130 1227 decretis
1147 1156 1224 1230 aute
1240 1157 1428 1238 amanatem
1446 1153 1539 1238 Pauli

309 1262 491 1356 praefatam
530 1260 808 1334 constitutionem
847 1279 1007 1334 concessa
1044 1261 1172 1334 luisset.
1211 1262 1539 1352 communicationes

309 1381 421 1468 auiam
446 1373 731 1468 Indulgentiamm
757 1392 816 1457 eo,
843 1393 946 1466 quern
972 1371 1120 1460 diximus
1146 1374 1248 1450 modo
1270 1377 1341 1468 iam
1374 1377 1537 1455 hactenus

308 1488 403 1573 lacta
428 1493 502 1562 tum
528 1505 616 1579 quae
641 1485 811 1578 deinceps
839 1483 1123 1580 quandocumque
1146 1486 1246 1572 dent,
1263 1489 1382 1573 nubas,
1396 1489 1538 1565 nullius·

308 1618 378 1694 que
401 1598 543 1687 roboris,
571 1605 605 1681 at
628 1597 790 1683 momenti
815 1615 902 1682 essa,
929 1602 962 1672 et
987 1597 1081 1688 lora;
1108 1597 1247 1677 easdem
1267 1601 1538 1674 communicatio

306 1731 369 1802 nes
393 1711 501 1802 nullas
531 1711 671 1806 pariter,
697 1710 905 1802 minimeque
929 1717 1035 1796 ratas,
1062 1717 1096 1784 at
1120 1710 1263 1796 validas,
1294 1712 1440 1801 luturas,
1460 1713 1536 1804 ¹nisi

307 1830 439 1914 serrata
463 1824 570 1910 torma
595 1821 806 1917 supradictae
838 1822 1089 1902 constitutionis
1122 1823 1302 1902 clementis
1327 1823 1424 1912 lllll,
1457 1842 1535 1910 cnm

307 1936 463 2032 specifica
488 1943 522 2010 et
547 1933 717 2014 todridoa
742 1935 961 2028 expressione
993 1935 1295 2026 Indulgentlarum,
1326 1955 1413 2026 quae
1442 1955 1535 2012 rom·

306 2051 520 2140 medicantur
549 2047 662 2140 (idest
677 2054 715 2127 ut
726 2048 883 2140 singulae
899 2047 1115 2134 nominentur
1140 2054 1174 2122 et
1199 2048 1452 2144 exprimantur)
1467 2051 1534 2129 lac·

306 2169 359 2254 tae
384 2161 516 2247 crerint.

378 2277 529 2353 Desierat
554 2275 710 2368 iusuper,
736 2275 918 2367 Raguiares
944 2290 1178 2366 quoscumque
1207 2274 1355 2368 cujusvis
1381 2275 1531 2362 Ordinis,

304 2387 588 2482 congregationis,
615 2387 788 2466 soctonns
805 2387 905 2460 otiam
930 2387 1020 2470 lesu,
1047 2404 1086 2458 ac
1110 2386 1272 2471 instituti,
1299 2387 1399 2462 etiam
1425 2391 1532 2484 speei-

304 2503 378 2594 ljua,
405 2507 438 2575 et
463 2498 636 2582 indiuidua
660 2499 831 2577 mentione
857 2497 959 2590 digni,
986 2503 1020 2572 et
1045 2497 1175 2590 dignae,
1197 2517 1267 2572 non
1290 2501 1452 2595 poluisse,
1470 2521 1533 2576 nec

303 2631 406 2710 pesse
432 2609 776 2698 conlraternitatibus
803 2607 1055 2693 sodalitatibus,
1083 2611 1224 2704 aliisquo
1254 2611 1418 2686 similibus
1444 2613 1532 2689 cnn·

303 2724 552 2818 gregationibus
577 2723 753 2814 quibusvis
778 2728 847 2808 bot
873 2722 1035 2808 haetenus
1049 2722 1179 2808 eraclia,
1195 2729 1228 2801 et
1240 2725 1410 2812 institutis,
1429 2745 1532 2819 quarn
1584 2743 1585 2746 ‘

301 2840 337 2917 iu
361 2841 534 2946 posterum
560 2833 843 2930 quandocumque
868 2833 1047 2926 erigendis,
1065 2841 1098 2910 ot
1115 2834 1338 2922 instituendis,
1356 2839 1428 2918 sire
1445 2859 1531 2934 quo·

299 2966 526 3039 rumcumqne
549 2947 800 3040 privilegiorum
825 2947 940 3038 vigore
965 2947 1208 3040 aggregationis
1234 2955 1268 3022 ot
1292 2953 1529 3046 aggregandis,

300 3060 494 3136 ullomodo
520 3061 768 3134 communicare
795 3059 1020 3150 indulgentias
1045 3060 1128 3150 ipsis
1153 3060 1373 3152 Regularibus
1391 3083 1529 3138 conces·

300 3194 372 3265 sas;
397 3173 460 3247 sed
484 3179 613 3246 tantum
638 3172 733 3256 illas,
767 3190 852 3262 quas
877 3177 915 3244 ut
945 3170 1141 3262 huiusmodi
1172 3173 1528 3260 confraternitatlbm,

300 3284 549 3374 comitatibus,
573 3302 637 3374 seu
653 3284 725 3372 aliis
739 3282 904 3370 similibus
921 3282 1243 3374 congregationibus
1268 3289 1528 3373 communicent,

303 3397 440 3488 loculus
466 3397 515 3473 eis
540 3396 696 3488 specilioe
722 3402 755 3470 et
779 3395 976 3481 nominatim
993 3413 1053 3488 per
1067 3394 1190 3472 Sedent
1207 3395 1433 3494 Apostolicam
1448 3420 1527 3474 oon·

302 3527 399 3598 gessa
422 3508 531 3591 luerit.
558 3509 619 3586 Dio
647 3513 690 3582 16
717 3508 823 3585 Martii
852 3512 956 3580 1671.

374 3623 416 3712 El
440 3621 495 3699 dle
524 3626 567 3692 ltt
594 3621 747 3714 ejusdam
772 3621 909 3706 mensis,
936 3619 1020 3692 lacta
1034 3619 1193 3695 relatione
1210 3621 1253 3696 ad
1269 3623 1412 3698 SSmum
1429 3625 1469 3698 b.
1487 3625 1526 3698 N.

302 3733 465 3822 mneritas
491 3735 559 3824 Sua
574 3734 775 3822 sententiam
801 3735 874 3813 sac.
902 3731 1176 3828 congregationis
1197 3733 1410 3830 approbarit,
1432 3742 1467 3814 et
1482 3738 1527 3810 lla

302 3847 429 3926 seruari
454 3847 635 3934 mandauit.

899 4071 936 4148 F.
962 4072 1005 4148 tl.
1032 4071 1135 4146 caan.
1162 4072 1368 4149 ancnrrus
1393 4075 1515 4150 Pansa.

929 4182 1077 4269 Micioni
1093 4183 1241 4276 Angelus
1255 4184 1350 4268 iloni
1376 4187 1499 4266 sceret.
