3130 4920
758 345 803 362 -
832 313 902 380 330
927 343 974 362 -

502 452 580 525 lesu
606 451 667 525 libi
691 451 735 524 sil
760 451 895 544 aloria-

604 565 669 654 Qui·
693 568 796 638 nolus
820 585 854 637 es
879 561 921 636 de
952 562 1085 656 lisuino

603 679 687 752 Cum
712 679 816 751 Patre
841 681 875 751 et
898 677 992 749 almo
1019 675 1149 770 Spiritu

599 793 641 866 ln
665 791 872 884 amodum
887 789 1036 864 soeculo.
1054 791 1171 874 Amen.

370 909 403 976 t.
432 901 583 978 Christus
603 923 713 998 prope
738 910 795 978 cst.

369 1034 404 1098 n.
435 1015 548 1090 Venite
571 1013 770 1089 Adornnns.
797 1016 895 1090 Pater
918 1015 1047 1090 Noster.

322 1123 374 1200 5!
397 1127 475 1202 lesu
502 1129 620 1223 infans
645 1128 835 1202 dulcissime
861 1129 898 1200 in
925 1128 1185 1202 circumcisione
1205 1129 1287 1222 post
1311 1123 1383 1198 dies
1403 1129 1474 1198 octo

248 1239 461 1324 vnlneratus,
489 1241 644 1314 Glorioso
668 1242 747 1315 dem
771 1241 908 1314 nomine
931 1247 1083 1324 uocatus,
1107 1247 1140 1315 et
1163 1241 1200 1313 in
1224 1239 1361 1312 nomine
1377 1237 1476 1312 simui

249 1359 281 1427 el
305 1355 472 1446 sanaaine
500 1354 692 1428 smuctmis
722 1353 829 1448 officio
851 1337 1106 1450 proesinnatns,
1131 1353 1301 1437 Miserere,
1320 1357 1382 1426 etc.
1407 1350 1475 1424 Ave

250 1465 353 1542 Mada
378 1473 440 1540 elo.

325 1577 375 1651 o.⁰
399 1580 476 1652 lesu
502 1577 622 1672 insons
644 1577 846 1661 dulcissime,
872 1580 971 1652 stella
989 1577 1073 1652 duce
1090 1579 1197 1653 nllus
1213 1577 1326 1670 Manis
1340 1573 1477 1650 'duan

250 1695 389 1773 stralus,
416 1691 453 1763 in
478 1691 556 1764 dnn
581 1691 705 1767 Matris
730 1691 909 1775 adoratus,
936 1697 968 1765 et
991 1693 1132 1765 nonliois
1156 1691 1352 1764 muneribus
1372 1689 1475 1772 Auro,

253 1803 375 1887 Ylnre,
402 1808 435 1875 et
460 1804 573 1877 Mirra
600 1801 759 1886 donatus,
786 1805 945 1879 dMserere
972 1810 1032 1877 elc.
1058 1804 1129 1877 Ave
1153 1803 1255 1877 Mario
1280 1809 1343 1876 ele.

323 1915 373 1986 7.⁰
397 1913 475 1987 lesn
499 1913 620 2008 insons
645 1914 837 1989 dulcissime
863 1917 900 1989 in
929 1918 1064 2010 Templo
1091 1937 1114 1990 a
1141 1919 1174 1989 S.
1202 1919 1315 1990 Matre
1345 1915 1477 2008 Viraine

243 2029 483 2121 prementolus
508 2025 598 2100 inter
624 2025 769 2100 eraclia
785 2046 809 2100 o
828 2028 984 2102 Sineeone
1009 2029 1239 2121 amplexatus,
1267 2032 1299 2100 el
1316 2027 1362 2101 ab
1380 2028 1477 2100 Anna

251 2138 470 2233 Prophetissa
495 2140 619 2214 israeli
642 2142 822 2226 revelatus,
849 2141 1010 2216 Miserere
1035 2145 1095 2214 etc.
1122 2137 1195 2214 Ave
1218 2139 1320 2216 Murio
1346 2147 1411 2214 elo.

321 2251 372 2324 8.⁰
396 2252 475 2326 lesu
500 2249 619 2348 insons
652 2251 843 2326 dulcissime
875 2251 920 2326 al
948 2253 1064 2346 iniquo
1096 2251 1233 2326 Herode
1258 2249 1308 2325 ad
1335 2255 1478 2326 mortem

251 2366 433 2457 quaesitus,
455 2365 531 2442 aS,
556 2364 701 2460 loseplo
728 2363 777 2439 ad
801 2365 993 2458 deceptum
1024 2383 1100 2438 cnm
1125 2365 1238 2439 Matre
1264 2363 1476 2458 deporlolus,

190 2539 192 2546 ,
249 2498 274 2550 a
298 2478 429 2551 crudeli
453 2475 557 2552 caede
582 2479 748 2560 sublatus,
772 2499 795 2552 a
814 2479 1011 2572 praeconiis
1035 2479 1230 2572 Martyrum
1246 2479 1477 2554 Innocentium

249 2591 470 2686 clarificatus,
497 2591 658 2664 Miserere
683 2595 745 2663 eto.
772 2587 844 2664 Ave
868 2591 969 2665 Morio
994 2597 1057 2664 elo.

500 2703 578 2776 lesu
604 2703 665 2776 llll
689 2705 733 2775 sit
759 2703 875 2795 cloria
900 2709 961 2777 etc.
986 2703 1084 2777 Pater
1107 2703 1227 2776 Noster
1252 2711 1315 2778 elo.

323 2813 373 2886 o.⁰
397 2814 476 2888 lesu
501 2810 620 2908 insons
645 2813 837 2892 dulcissime
853 2818 891 2890 in
908 2817 1060 2909 decuplo
1086 2835 1164 2888 cum
1189 2817 1308 2890 Maria
1335 2815 1478 2892 sanum-

248 2925 337 2999 sima
362 2929 394 2999 et
419 2925 629 3001 Potriarcla
656 2930 689 3001 S.
716 2921 840 3020 loseph
866 2947 973 3020 usqne
997 2926 1047 3001 ad
1072 2927 1201 3002 olilnm
1226 2927 1373 3004 Herodis
1392 2946 1476 3003 com·

249 3044 416 3124 marolus,
442 3039 601 3118 Miserere
626 3046 688 3113 etc.
715 3041 787 3114 Ave
811 3041 919 3114 Maria.
938 3045 1000 3114 ecc.

326 3151 400 3225 ill.⁰
431 3151 510 3225 lesu
543 3151 662 3249 infans
695 3151 886 3225 dulcissime
919 3168 963 3225 eoo
988 3154 1139 3245 decuplo
1171 3171 1249 3225 oum
1277 3153 1477 3228 Parentibus

249 3265 287 3337 in
312 3267 442 3338 terram
467 3263 576 3337 lsrael
600 3281 764 3346 reuersus,
782 3263 906 3337 mullos
922 3263 1057 3338 inlares
1082 3265 1119 3336 in
1144 3265 1265 3338 itinere
1293 3285 1475 3360 capesses,

248 3381 282 3452 et
297 3377 333 3450 in
353 3375 534 3453 Civitatem
552 3375 732 3450 Nazareth
748 3377 928 3468 inaressus,
946 3377 1106 3452 Miserere
1122 3380 1183 3450 etc.
1211 3377 1281 3451 Ave
1298 3377 1402 3451 Maria
1419 3383 1474 3450 olo.

325 3489 399 3562 ll.⁰
422 3490 501 3562 lesu
518 3490 636 3585 Infans
654 3489 855 3572 dulcissime,
874 3491 910 3562 in
927 3490 961 3563 S.
987 3490 1177 3562 Nazareno
1198 3492 1310 3563 Domo
1327 3489 1474 3569 modios

248 3601 471 3684 Purmrloos,
500 3601 708 3676 sanctissime
734 3606 981 3684 commoratus,
1006 3605 1211 3694 paupeelotc
1237 3607 1270 3675 et
1302 3603 1472 3677 laboribus

249 3715 429 3810 salicetus,
452 3715 706 3810 insapientiae,
724 3715 859 3796 celatis,
877 3718 909 3787 et
926 3713 1062 3806 oratioe
1080 3713 1240 3807 prosectu
1257 3715 1472 3810 confortatus,

252 3829 413 3904 Miserere
438 3831 498 3902 eto.
524 3828 596 3901 Avo
620 3825 722 3900 Maria
747 3833 808 3899 elo.

327 3940 401 4015 {2⁰
425 3940 503 4013 lesu
528 3936 647 4034 Infans
669 3939 860 4014 dulcissime
885 3941 922 4014 in
936 3937 1126 4012 Jerusalem
1143 3938 1333 4014 duodennis
1349 3940 1472 4022 ductus,

251 4071 275 4124 a
300 4052 505 4126 Parentibus
529 4069 607 4127 enm
633 4051 750 4126 dolore
776 4052 958 4146 quaesitus,
977 4056 1009 4124 et
1020 4055 1100 4145 pasl
1126 4049 1279 4124 lridnom
1304 4071 1382 4125 cnm
1397 4071 1474 4148 qon-

253 4163 311 4240 dio
338 4166 429 4244 inter
456 4163 609 4239 doctores
635 4165 798 4250 inuentus,
823 4163 982 4242 Miserere
1007 4167 1067 4240 elo.
1093 4161 1165 4239 Ave
1189 4163 1290 4241 nula
1315 4171 1378 4242 eie.

421 4279 500 4358 lem
526 4279 587 4356 tibi
611 4279 655 4356 sit
679 4279 793 4374 clorio
818 4282 879 4356 etc.
