3254 4914
327 333 375 404 68

377 461 422 530 f.⁰
443 461 502 539 dui
522 462 620 528 ileum
640 460 852 543 deprecabitur
879 476 934 541 pro
961 459 1215 530 christifidelibus
1235 461 1267 526 iu
1288 463 1423 526 cxtreroo
1438 473 1521 538 ugone

297 558 479 638 constitutis,
504 573 538 624 ac
559 572 614 640 uro
634 556 708 637 ipsis
729 560 774 620 ter
795 555 970 622 Orationem
990 553 1180 626 bomintcara
1203 559 1235 622 et
1255 559 1300 618 tor
1320 552 1523 622 salutationem

296 653 475 735 Angelicam
493 653 636 718 dixerint.
1516 711 1522 732 ,

376 747 422 812 2⁰
443 747 500 824 Qui
522 747 659 814 detentos
675 748 706 811 iu
729 763 849 812 carcere
873 750 926 810 aut
950 750 1089 826 aegrotos
1109 745 1142 811 in
1161 743 1345 810 nosocomiis
1368 743 1465 825 aliquo
1480 742 1523 824 pio

296 859 388 925 opere
409 843 579 923 adiuvando
598 843 796 908 visitaverint.

376 939 421 1002 3.⁰
442 939 500 1015 Qui
525 939 700 1004 Doctrinam
728 936 931 1002 Christianam
957 937 990 1000 in
1016 935 1160 1015 Ecclesia,
1190 940 1243 1000 aut
1268 936 1357 1002 Domi
1381 933 1467 1012 lilios,
1486 929 1526 996 rel

297 1033 484 1114 propinquos
504 1037 556 1096 aut
572 1033 700 1098 famulos
722 1032 890 1096 docuerint.

376 1127 421 1190 d.⁰
442 1127 500 1208 Qui
522 1126 752 1192 sanctissimum
773 1125 981 1192 Eucharistiae
1002 1125 1232 1193 Sacramentum
1252 1139 1323 1194 oum
1344 1123 1382 1190 ad
1404 1123 1526 1192 infirmor

296 1226 349 1288 aut
368 1222 428 1286 alio
449 1221 591 1300 defertur,
612 1223 718 1286 devote
733 1221 956 1288 associaverint.
1582 1288 1584 1297 ,

375 1317 421 1382 b.⁰
442 1317 499 1393 Qui
522 1317 616 1398 probo
644 1333 699 1380 suo
727 1317 876 1398 exemplo,
899 1321 951 1380 eut
973 1315 1100 1380 consilio
1127 1315 1261 1396 aliquem
1286 1319 1474 1398 peccatorem
1496 1309 1529 1376 ad

296 1412 514 1492 poenitentiam
525 1412 711 1488 reduxerint,
724 1411 768 1474 vel
785 1412 822 1475 ad
837 1410 1027 1478 audiendum
1038 1411 1174 1477 Verbum
1188 1411 1255 1491 liei,
1269 1416 1323 1476 aut
1342 1409 1465 1491 aliquod
1476 1408 1528 1488 pie

296 1508 367 1572 tatis
388 1523 465 1588 opus
486 1507 694 1588 peragendum
715 1507 905 1570 conduxerit.
1605 1573 1606 1590 χ

274 1653 276 1658 ,
377 1601 422 1666 d.⁰
444 1601 502 1677 Qui
529 1600 746 1665 conscientiam
773 1617 861 1666 suam
888 1601 1065 1676 excusserit,
1086 1617 1121 1665 ac
1142 1613 1211 1666 rore
1237 1599 1396 1681 poenitens
1423 1601 1530 1680 umecta
1605 1605 1606 1612 ’

297 1697 455 1762 commissa
478 1695 644 1772 emendari,
665 1712 700 1760 ac
721 1696 858 1759 confiteri
880 1697 1008 1762 llrmiter
1030 1697 1230 1778 proposuerit,
1251 1695 1415 1777 quinquies
1428 1693 1530 1760 ilratio·

297 1808 337 1855 ne
358 1790 515 1854 Dominica
537 1794 568 1854 et
589 1789 776 1854 salutatione
797 1788 942 1870 Angelicu
964 1790 1069 1854 devote
1090 1792 1226 1872 repetita.

380 1884 424 1950 7.⁰
446 1884 503 1960 Oui
525 1884 647 1949 Sacram
661 1884 693 1947 B.
708 1886 747 1950 ll.
762 1885 796 1948 V.
811 1885 978 1964 imaginem
994 1885 1023 1948 iu
1038 1886 1279 1952 Numismatibus
1293 1884 1444 1968 sculptam
1457 1897 1531 1946 oscu-

298 1979 413 2053 larerit,
436 1983 609 2058 actumque,
630 1977 839 2042 contrictionis
860 1977 1009 2042 ferventer
1030 1979 1193 2043 recitando.

378 2070 423 2133 8.ο
445 2069 639 2150 Supradictas
661 2070 868 2150 indulgentias
889 2071 1019 2152 quilibet
1039 2070 1260 2150 christifidelis‚
1281 2075 1344 2136 tam
1365 2072 1435 2148 sibi,
1452 2083 1534 2150 quam

299 2183 353 2248 per
374 2168 498 2232 modum
520 2167 611 2230 etiam
633 2167 768 2246 suffragii
785 2168 944 2230 animabus
959 2167 1094 2231 fidelium
1109 2167 1321 2232 defunctorum
1335 2166 1479 2249 applicari
1493 2181 1534 2244 po·

300 2261 591 2327 terit.--Sunctitas
613 2260 674 2325 Sua
697 2260 869 2338 declaravit,
891 2262 973 2340 quod
994 2263 1147 2342 praedicta
1170 2263 1367 2340 Numismata,
1384 2258 1534 2340 vulgolfe

239 2375 243 2384 ·
299 2356 405 2439 doqiic,
428 2371 510 2437 quae·
527 2372 587 2419 nou
609 2356 722 2418 fuerint
744 2357 934 2421 benedictae
950 2356 1252 2421 Sacerdoteliecbare
1272 2373 1327 2438 pro
1350 2364 1484 2438 tempore
1496 2369 1535 2416 su·

299 2451 453 2535 predictae
474 2450 747 2530 Confraternitatis,
773 2453 856 2516 omni
878 2453 1018 2532 poenitus
1039 2458 1161 2516 careant
1181 2451 1413 2532 Indulgentia·

381 2548 457 2612 ltem
478 2546 573 2609 vetuit
593 2545 733 2610 benedici
754 2547 903 2625 ejusmodi
924 2547 1113 2614 Numismeta
1141 2563 1222 2628 quae
1241 2563 1280 2610 ex
1300 2546 1402 2627 fragili
1424 2544 1537 2611 macria

295 2639 693 2721 'facilisreconsumptionis
714 2641 927 2719 conficiuntur,
949 2641 1002 2706 sed
1024 2647 1142 2705 tantum
1163 2657 1201 2704 ex
1222 2645 1448 2722 aureamento,
1468 2651 1537 2714 aere,
1605 2645 1606 2718 t

299 2734 459 2813 auricalco,
482 2734 578 2797 aliove
599 2732 696 2796 solido
717 2735 838 2798 metello
861 2736 1006 2814 confecta,
1027 2735 1115 2799 aliter
1137 2735 1220 2799 nulla
1247 2751 1373 2816 prorsus
1395 2733 1538 2816 gaudeant

299 2827 500 2908 indulgentia.
522 2828 556 2908 ln
578 2827 796 2891 distribuendis
818 2829 993 2910 hujusmodi
1020 2829 1263 2904 Numismatibus
1284 2845 1454 2909 eorumque
1477 2842 1538 2902 usu,

297 2921 413 2988 Eadem
434 2919 585 2986 Sanctitas
606 2921 667 2985 Sua
681 2923 793 2986 servari
812 2921 900 3003 juber
920 2924 1081 2988 Decretum
1095 2923 1144 2987 lcl.
1161 2939 1220 2986 ree.
1235 2919 1402 2987 Aleneudri
1417 2917 1469 2986 vn
1482 2919 1537 2984 edi·

293 3023 366 3082 tura
387 3016 445 3081 sub
459 3017 508 3082 die
523 3016 542 3080 6
556 3016 714 3082 Februarii
737 3016 826 3097 lbet,
847 3018 1003 3096 nimirum,
1027 3024 1061 3081 ut
1081 3017 1270 3082 Numismata
1284 3034 1364 3096 quaa
1385 3013 1539 3098 rulgolle

298 3111 394 3196 doqlia
415 3116 631 3192 nuncupantur
652 3127 725 3176 curu
745 3112 908 3193 praedictis
923 3112 1125 3192 indulgentiis
1147 3112 1380 3180 benedictouon
1396 3112 1540 3176 trameant

300 3223 461 3290 personam
480 3205 614 3284 illorum,
628 3207 740 3288 quibus
754 3223 771 3268 a
787 3207 918 3288 praefato
940 3207 1101 3272 Sacerdote
1122 3208 1248 3272 Rectore
1261 3207 1483 3284 conceduntur,
1495 3205 1540 3268 aut

300 3301 413 3384 quibus
426 3299 585 3366 abeodem
606 3301 704 3381 prima
721 3302 783 3364 vice
798 3299 1033 3380 distribuuntur,
1055 3317 1111 3364 uec
1133 3299 1329 3378 commodari,
1344 3306 1398 3366 aut
1412 3295 1539 3370 concedi,

301 3413 354 3459 seu
376 3395 510 3476 precario
532 3395 597 3456 dari
619 3394 746 3473 valeant,
761 3395 895 3476 alioqum
911 3401 1032 3458 careant
1048 3393 1247 3474 indulgentiis
1266 3394 1330 3474 jam
1343 3394 1503 3470 concessis,
1515 3393 1540 3456 et

302 3487 402 3570 aliqua
424 3487 589 3568 deperdita,
610 3488 703 3552 altera
725 3505 781 3572 pro
802 3505 836 3552 ea
857 3489 1016 3570 subrogari
1038 3489 1121 3553 nullo
1142 3489 1231 3552 modo
1252 3489 1356 3570 possit,
1379 3489 1440 3553 uisi
1458 3499 1540 3566 aquo

298 3598 391 3665 supra
417 3583 574 3648 benedicta
601 3583 701 3648 fuerit.
729 3584 855 3665 iusuper
876 3586 971 3648 roluft
999 3584 1148 3648 Sanctitas
1176 3583 1238 3648 Sua
1264 3583 1346 3663 qood
1367 3583 1408 3646 ad
1429 3579 1540 3646 lucrifa-

301 3677 424 3744 ciendas
450 3691 555 3742 omncs
584 3683 615 3741 et
642 3679 779 3760 singulas
805 3681 953 3761 praefatae
980 3679 1187 3758 indulgentias
1212 3677 1427 3759 unusquisque
1453 3671 1541 3740 fidelis

301 3787 398 3840 unum
418 3787 457 3836 ex
477 3770 567 3836 dictis
587 3772 829 3839 Numismatibus
851 3774 883 3838 iu
906 3779 985 3852 actu,
1007 3789 1107 3860 opere,
1129 3778 1275 3860 utsupra
1303 3771 1443 3854 injuncta
1463 3783 1538 3836 exer·

302 3866 403 3943 caudi,
424 3863 506 3950 apud
526 3881 558 3930 se
573 3864 688 3930 deferre
710 3865 827 3932 debeat.

382 3977 504 4052 Datum
530 3977 656 4052 Romae
682 3971 738 4052 ex‘
751 3979 934 4055 secretaria
967 3981 1042 4058 Sao.
1076 3979 1347 4074 congregationis
1372 3975 1543 4070 ludulgcu·

298 4089 421 4198 Atiarum
447 4085 502 4164 die
528 4091 573 4162 23
599 4089 798 4168 Novembris
818 4097 923 4168 feld.

1023 4205 1171 4298 Angelus
1198 4203 1374 4300 macenti
1403 4183 1520 4278 secret.
