3270 4920
1297 311 1368 382 955

151 449 260 512 Utrum
281 450 342 511 duo
362 447 615 531 cappellamque
632 445 811 510 iloniaiibus
825 445 978 512 Carmellt.
994 448 1198 528 assignantur,

214 530 306 592 simul
347 530 479 592 audeant
500 529 641 590 facultate
655 529 827 610 scapularia
849 528 1034 610 imponendi,
1051 539 1082 590 ct
1095 533 1199 589 utrum
1253 533 1256 540 '

213 549 391 674 absentibus
413 610 614 692 Coppeliaois,
635 611 688 689 qtri
709 628 813 670 eorum
836 611 917 694 vices
938 611 1019 691 gerit
1039 609 1200 690 scapulare

212 691 368 770 imponere
389 688 505 772 possiti
549 731 1097 752 .......
1182 707 1198 748 ιι
1240 685 1301 747 459
1342 685 1400 747 559

150 769 306 834 Paroobus
327 771 448 850 eujusd'.
477 769 581 832 Dioec.
605 770 717 850 gaudet
738 769 879 838 facultate
901 767 1104 832 benedicendi
1130 773 1201 832 soa·
1226 769 1229 776 '

212 851 342 932 puloria,
364 851 483 931 quaerit
503 852 641 912 an'intra
662 850 773 913 limites
795 851 952 929 96666466,
974 866 1011 912 66
1032 869 1087 932 per
1109 861 1198 912 totam

212 931 383 994 Dioeeesim
405 931 457 992 ilia
478 933 523 993 uti
545 930 659 1010 possiti
727 974 1101 994 .....
1183 952 1200 988 ιι
1243 925 1302 987 469
1343 923 1401 985 569

151 1013 199 1073 Au
220 1013 400 1090 Superiores
422 1012 579 1091 generales
600 1009 722 1073 Ordinis
744 1009 911 1074 concedere
932 1011 1049 1090 possint
1066 1008 1199 1072 iacultat.

213 1091 429 1154 Sacerdotibus
457 1093 610 1154 Saecular.
640 1092 688 1152 voi
716 1091 824 1166 negot.
845 1089 1097 1172 uoussarmeiitis
1123 1089 1201 1151 acci·

214 1170 318 1250 piendi
340 1171 447 1232 fideles
469 1171 499 1233 in
520 1170 715 1234 sodalitatem
730 1171 766 1232 iis
790 1173 819 1232 io
841 1171 915 1232 iocis
932 1168 984 1232 ubi
999 1170 1109 1232 adsunt
1124 1173 1201 1234 Con·

213 1261 324 1312 ventus
346 1251 497 1314 cormeill.
519 1252 583 1313 sive
605 1252 643 1311 aii
667 1270 703 1311 ua
726 1251 874 1313 sodalitas
896 1251 993 1330 ejusd.
1011 1250 1102 1326 tituli,
1117 1261 1200 1312 etou

214 1332 272 1410 ipsi
295 1330 472 1394 Sacerdotes
493 1331 596 1392 facuit.
618 1331 656 1392 ba
680 1343 765 1392 entes
787 1331 949 1394 exercendi
970 1349 1095 1393 munere
1110 1329 1202 1394 Soda-

212 1408 306 1473 litatie
325 1421 499 1506 permutare
521 1412 642 1472 valeant
662 1407 903 1492 obbligationes?
1002 1455 1010 1470 .
1094 1457 1100 1471 .
1184 1431 1201 1468 ιι
1242 1407 1298 1469 474
1343 1409 1400 1472 565

151 1491 201 1556 An
222 1502 285 1554 rata
307 1501 348 1554 stt
368 1491 504 1553 fidelium
526 1491 688 1571 adscriptio
708 1509 768 1552 666
790 1502 906 1552 servata
930 1490 1056 1553 iormula
1072 1490 1200 1555 ilituaiis

214 1580 245 1632 et
266 1572 413 1633 breviarii
435 1570 556 1633 Ordinis
578 1571 764 1634 carmeliti,
821 1615 829 1631 .
912 1618 920 1636 .
1003 1617 1009 1631 .
1092 1616 1100 1632 .
1184 1563 1298 1632 aibid.
1326 1567 1401 1634 ibid.

151 1651 331 1714 Sacerdotes
353 1649 457 1712 debite
484 1651 617 1731 delegati
638 1651 675 1711 ad
698 1649 889 1730 recipiendos
919 1650 1043 1729 iideies,
1067 1670 1127 1712 non
1149 1649 1203 1711 ha-

214 1731 321 1794 bentes
342 1730 515 1792 facultatem
538 1728 724 1792 inscribendi
750 1733 872 1792 nomino
892 1733 923 1793 in
944 1735 1089 1814 Regostro
1110 1731 1203 1792 Soda-

215 1811 319 1888 litatis,
341 1831 396 1874 nee
416 1812 555 1873 mittunt·
570 1813 690 1872 nomina
712 1812 750 1873 ad
764 1811 953 1874 ‘Mooastoria
981 1812 1202 1892 Religiosorum

213 1903 366 1972 quaerunt
392 1902 496 1953 utrum
516 1891 623 1955 fideles
645 1891 689 1952 sio
710 1892 826 1973 recepti
853 1891 1063 1973 indulgentias
1091 1894 1202 1954 lucrari

216 1973 354 2051 possint?
376 2016 743 2034 .....
760 1980 764 1984 ’
824 2019 833 2033 .
915 2017 921 2031 .
1005 2018 1012 2031 .
1094 2018 1101 2032 .
1184 1994 1201 2032 ιι
1243 1969 1302 2031 475
1345 1969 1403 2030 569

153 2054 264 2114 Utrum
284 2049 466 2134 imponendo
480 2053 642 2132 Scapuiare
656 2051 786 2113 suiiieiat
806 2049 972 2114 inscribere
992 2053 1114 2114 nomina
1128 2049 1205 2114 iide—
1292 2071 1295 2080 ’

216 2133 292 2195 ilum
314 2134 344 2194 46
367 2131 540 2212 proximiori
562 2131 712 2194 societate
741 2129 928 2194 Carmelitoa.
950 2142 982 2194 ct
1002 2142 1104 2193 utrum
1131 2135 1204 2195 cao
1377 2185 1380 2192 .

215 2214 338 2276 melitae
359 2212 420 2274 aiot
440 2212 598 2280 sodalitas,
621 2229 676 2272 scu
697 2213 923 2274 Conventusi.
1004 2259 1013 2276 .
1095 2258 1102 2271 .
1185 2233 1202 2270 ιι
1244 2209 1304 2271 aaa
1344 2212 1403 2273 584

152 2293 263 2354 lJtrum
284 2293 489 2354 moderatores
517 2290 716 2354 Sodaiitatom
735 2292 775 2353 de
797 2295 896 2354 Monte
921 2294 1058 2354 carmelo
1084 2291 1205 2352 valeant

214 2373 397 2434 benedicere
418 2371 593 2452 scapularia
614 2389 650 2432 eo
672 2373 736 2452 ipso
758 2389 819 2451 quo
839 2371 1045 2436 moderatores
1066 2381 1137 2434 sunt
1157 2373 1204 2434 in·

215 2453 384 2515 stitutii.
467 2496 474 2512 .
556 2499 565 2516 .
647 2496 654 2513 .
916 2497 923 2511 .
1005 2497 1014 2516 .
1095 2499 1103 2516 .
1185 2472 1202 2510 ιι
1245 2451 1304 2512 494
1346 2451 1403 2512 595

153 2531 323 2595 Solvuntur
343 2533 436 2596 dubia
456 2532 555 2612 quoad
578 2531 775 2594 sodalitatem
794 2530 833 2591 de
854 2535 955 2594 Monte
976 2533 1143 2596 Carmeia.
1188 2553 1204 2590 ιι
1247 2531 1303 2594 547
1345 2532 1404 2592 649

153 2615 204 2676 An
247 2614 310 2675 arvi
325 2612 433 2676 abitus
455 2631 509 2674 seu
531 2613 585 2674 Sea
608 2612 702 2673 ularia
719 2612 781 2673 sint
795 2611 967 2675 immediate
984 2629 1076 2694 super
1096 2629 1205 2693 eorpus

217 2633 395 2768 deierando,
412 2695 451 2753 ita
467 2701 502 2753 ut
517 2693 570 2753 iiiu
608 2692 733 2774 physice
748 2701 864 2774 tangat,
878 2693 927 2754 vel
942 2712 980 2754 66
995 2710 1089 2774 super
1104 2702 1205 2764 vestes

218 2775 345 2835 retineri
361 2775 477 2853 possit?
557 2817 1104 2836 .......
1187 2793 1204 2832 ιι
1247 2773 1305 2836 664
1346 2771 1406 2834 659

153 2854 203 2916 An
224 2854 277 2932 qui
299 2855 357 2914 rite
379 2852 473 2914 semel
494 2851 640 2932 adscripti
662 2854 694 2914 46
714 2851 921 2929 sodalitatem,
944 2864 1048 2934 postea
1068 2853 1205 2916 habitum

218 2933 411 3009 dimiserunt,
428 2941 588 2994 teneantur
602 2933 639 2994 ad
654 2951 762 2994 noram
777 2935 999 3014 receptionem3
1011 2943 1042 2996 et
1054 2934 1208 3014 quodnam

218 3025 335 3094 tempus
351 3028 367 3073 a
383 3012 558 3074 dimissione
580 3011 703 3074 habitus
724 3015 912 3094 requiratur,
927 3023 962 3076 ut
975 3032 1051 3076 nova
1068 3013 1204 3096 receptio

217 3095 256 3154 sit
275 3093 466 3160 necessaria?
549 3137 561 3158 .
640 3136 1104 3156 ......
1187 3111 1204 3152 ιι
1247 3093 1306 3165 teu
1346 3093 1404 3154 667

314 3267 434 3323 txxtx.
451 3268 483 3323 B.
501 3265 632 3322 uenisti
650 3261 801 3324 vittotrtls
818 3265 949 3324 85974444
966 3261 1132 3326 uotbuuu

155 3413 203 3474 Do
224 3408 288 3474 ind.
312 3411 393 3472 Pien.
415 3425 470 3504 pro
491 3411 554 3471 Sao.
577 3409 799 3491 supplicatione
820 3429 836 3472 a
857 3408 1021 3474 Sodaiitatc
1041 3409 1204 3492 peragenti.

219 3507 286 3551 cum
309 3500 483 3551 extensione
504 3488 540 3550 ad
562 3509 768 3570 quoscumque
789 3490 925 3553 fideles.
1007 3539 1016 3556 .
1096 3533 1103 3549 .
1188 3513 1205 3552 ιι
1248 3491 1307 3553 494
1347 3493 1407 3554 476

153 3573 201 3634 De
218 3570 321 3632 iacuit.
337 3588 478 3631 concessa
492 3569 607 3631 seniori
622 3569 777 3633 Sacerdoti
793 3569 941 3634 Coniratri
955 3572 1128 3634 sodalitatis
1141 3571 1206 3634 vit-

218 3653 265 3712 lae
287 3650 325 3710 de
346 3654 404 3712 Sea
417 3650 630 3732 ,Cartbaginen
650 3653 754 3714 Dioec.
776 3651 977 3714 benedicendi
1006 3671 1131 3733 parvum
1153 3652 1208 3714 ba·

218 3729 316 3791 bitum
339 3748 393 3792 seu
415 3731 576 3809 scapulare
599 3731 757 3810 ipsumque
779 3729 922 3794 fidelibus
944 3732 1117 3814 imponendi
1189 3753 1206 3792 ιι
1248 3728 1306 3794 955
1348 3730 1405 3793 556

154 3815 201 3874 Dc
223 3811 423 3891 indulgentiis
444 3829 500 3890 pro
519 3809 679 3872 sodalibus
700 3813 873 3873 recitantib.
895 3823 1013 3894 septem
1026 3815 1159 3875 9661666
1174 3815 1206 3874 46

219 3889 365 3952 honorem
388 3892 419 3953 B.
442 3893 539 3953 btv.
560 3890 747 3969 perdoicotia
830 3937 836 3950 .
916 3939 927 3956 .
1009 3939 1016 3953 .
1097 3937 1104 3952 .
1188 3893 1305 3955 6997
1347 3893 1406 3953 599

156 3974 203 4033 Dc
218 3971 360 4033 laeultate
376 3973 521 4050 Episcopo
535 3973 713 4032 Novanienai
731 3969 843 4032 tributa
858 3972 995 4053 erigendi
1008 3975 1038 4035 46
1049 3991 1104 4036 sua
1117 3975 1207 4036 9466-

218 4050 279 4112 cesi
301 4051 482 4113 sodalitates
501 4050 685 4130 usquedum
701 4051 782 4114 Ordo
802 4053 965 4116 Servorum
979 4053 1090 4116 biariae
1110 4055 1142 4116 in
1156 4073 1208 4116 ea-

219 4131 287 4195 dem
310 4132 447 4195 llioeeesi
469 4131 650 4193 restituatur
732 4163 735 4170 ,
