3182 4922
655 369 872 436 -569-

141 504 230 588 lent,
258 509 291 575 et
316 517 381 595 qua
407 501 455 576 uti
481 502 605 576 dehent
630 504 850 577 sollicitudine
875 501 910 575 in
934 501 1096 574 bamioici
1121 499 1231 593 gregis
1255 501 1383 577 bonum

148 633 260 708 usque
293 615 558 708 procurandum,
584 615 755 708 invigilent
778 635 846 689 nan
873 614 973 688 moda
998 615 1045 690 uti
1071 614 1237 709 ejusmodi
1269 614 1383 689 lndul·

147 729 282 821 gantiae
308 729 409 802 falsae
435 735 468 802 at
492 728 712 823 apocryphae,
738 736 901 821 quantum
927 727 999 802 heri
1025 735 1144 821 polest,
1171 726 1309 802 minime
1325 729 1386 802 cir·

149 841 389 926 conterantur,
408 859 533 934 easque
550 841 734 918 elidetium
751 842 907 915 manibus
929 847 1131 925 removeant,
1149 841 1384 914 verumetiam

149 959 319 1044 satagant,
346 961 382 1026 ot
407 952 545 1027 Decreta
572 973 590 1025 a
616 953 688 1026 Sao.
716 953 980 1046 congregatione
1013 953 1189 1027 salubriter
1214 951 1317 1039 edita,
1346 969 1386 1025 aa

146 1064 345 1158 praesertim
371 1082 475 1158 super
498 1064 694 1139 earumdem
719 1065 1003 1157 indulgentiarum
1028 1063 1250 1158 publicatione
1276 1072 1309 1138 et
1325 1064 1386 1138 im·

148 1178 326 1272 pressione
351 1177 581 1262 observantor,
608 1179 642 1251 in
667 1178 784 1272 primis
801 1195 881 1252 vero
906 1179 1083 1252 Decretum
1109 1179 1173 1252 sub
1199 1177 1316 1251 diettt
1334 1177 1385 1250 ta·

147 1289 258 1362 nuarii
286 1293 380 1362 1756
407 1290 520 1373 latum,
538 1297 572 1363 et
589 1309 607 1362 a
624 1309 672 1363 sa.
691 1309 755 1363 me.
774 1290 953 1364 Benedicta
980 1289 1041 1362 PP.
1059 1289 1135 1362 xlv
1161 1288 1216 1363 die
1234 1294 1280 1362 28
1298 1291 1386 1382 ojus·

149 1397 229 1477 dem
254 1403 382 1477 mensis
407 1403 646 1496 adprobatum,
672 1402 764 1492 quod
788 1403 832 1475 ita
859 1421 896 1476 se
921 1402 1024 1475 hahet
1048 1420 1148 1475 «aum
1180 1401 1385 1494 experientia

149 1513 336 1607 »quotidie
361 1515 594 1608 comperiatur,
621 1515 810 1607 complures
836 1514 1119 1608 indulgentiarum
1150 1515 1385 1588 concessiones

149 1627 361 1719 ‚generatas
393 1625 544 1719 expediri
577 1627 680 1698 inscia
712 1627 784 1719 ipsa
817 1627 916 1700 Sacra
949 1626 1212 1719 congregatione
1245 1645 1287 1700 ex
1317 1643 1386 1718 quo

150 1769 163 1804 ι
188 1739 282 1812 multi
308 1745 507 1832 promanant
523 1738 659 1822 abusus,
686 1756 725 1811 aa
750 1739 973 1824 contusiones,
1000 1758 1037 1813 re
1062 1745 1191 1812 mature
1208 1755 1384 1833 perpensa,

150 1881 164 1918 ι
189 1852 356 1944 praesenti
389 1850 529 1924 Decreta
554 1850 748 1935 declararit,
779 1852 996 1944 impetrantes
1025 1851 1164 1944 posthae
1193 1849 1387 1942 hujusmodi

151 1963 363 2056 ‚generales
387 1963 632 2047 concessiones,
659 1964 763 2037 teneri
789 1963 853 2037 sub
872 1965 1027 2038 nullitatis
1053 1983 1160 2056 poena
1186 1964 1309 2056 gratiae
1329 1964 1387 2037 ab

150 2106 164 2140 ι
188 2082 300 2150 tentae
325 2077 497 2168 exemplar
513 2076 706 2149 earumdem
725 2078 979 2150 concessionum
1005 2076 1048 2149 ad
1063 2077 1282 2150 secretariam
1300 2076 1387 2169 ejus·

151 2217 163 2254 ι
188 2188 268 2262 dem
293 2189 366 2260 Sao.
393 2187 665 2281 congregationis
690 2187 810 2262 deterri
824 2219 859 2261 ι.

226 2300 402 2373 caeterum
428 2298 472 2372 ad
496 2299 594 2372 lalsas
611 2301 888 2394 apocryphasque
900 2299 1029 2391 lndulg.
1044 2317 1063 2372 a
1076 2300 1164 2374 voris
1182 2306 1215 2374 et
1232 2300 1387 2393 genuinis

150 2413 245 2487 baud
270 2411 393 2486 difficili
410 2413 545 2505 negotio
565 2413 849 2498 internoscendas,
876 2431 915 2486 ea
941 2415 1039 2486 etiam
1063 2413 1212 2487 recolere
1236 2413 1387 2488 laaorum

151 2525 347 2600 ordinarias
374 2527 507 2618 juverit,
525 2546 612 2619 qnae
634 2528 812 2620 sapienter,
831 2526 873 2600 de
890 2543 1003 2611 mare,
1030 2534 1063 2600 et
1087 2526 1151 2599 hac
1174 2526 1211 2598 in
1234 2543 1272 2599 re
1297 2524 1387 2599 idem

151 2641 207 2714 let.
235 2658 300 2713 me.
327 2640 480 2712 Pontifex
504 2639 703 2714 Benedictus
728 2640 804 2713 xlv
830 2641 864 2713 in
890 2657 992 2733 opere
1017 2639 1060 2714 do
1085 2637 1221 2732 Synada
1249 2639 1387 2712 Diceae·

152 2772 237 2826 sana
264 2751 406 2826 edocuit.
432 2753 517 2826 Etsi
543 2760 713 2845 praeterea
734 2753 901 2845 aliquibus
918 2754 951 2826 iu
969 2771 1081 2827 rerunt
1107 2751 1270 2845 adjunctis
1286 2769 1389 2844 super

82 2881 95 2910 ·
152 2864 439 2958 indulgentiarum
465 2884 755 2959 quarumcumque
772 2867 1019 2940 authenticitate
1044 2884 1083 2938 aa
1107 2866 1310 2958 genuinitate
1326 2864 1388 2938 du·

149 2981 199 3054 bii
225 2980 420 3063 haererent,
448 2978 490 3051 ad
516 2981 589 3052 Sac.
624 2981 922 3072 congregationem
947 2986 1138 3064 recurrant,
1163 2985 1201 3053 ut
1225 2978 1303 3053 inde
1329 2997 1389 3072 op·

150 3099 331 3188 portonam
357 3090 537 3165 dubiarum
562 3093 799 3166 resolutionem
826 3098 1057 3184 assequantur.

94 3197 104 3221 ⁸
227 3206 347 3277 hatum
373 3205 500 3276 Rornae
525 3221 568 3278 err
593 3205 775 3279 Secretaria
808 3205 881 3278 Saa.
909 3203 1180 3295 congregationis
1210 3201 1388 3295 indulgen·

152 3318 275 3390 tiaram
301 3316 355 3390 die
383 3321 426 3388 ll
454 3315 576 3409 Aprilis
604 3322 709 3390 istc.

826 3430 862 3503 F.
889 3429 992 3504 cano.
1019 3423 1192 3511 mammas
1217 3429 1339 3501 Pauor.

892 3544 932 3616 Α.
961 3541 1122 3616 colomba
1149 3544 1272 3614 secret

694 3739 846 3814 uouvn.

666 3887 881 3942 uuxroann

228 3993 314 4068 cum
340 3991 383 4068 ad
407 3994 543 4068 Sacram
567 3991 862 4085 indulgentiarum,
888 3993 1133 4086 sacrarumque
1164 3989 1392 4085 hattuutarum

153 4105 456 4199 congregationem
481 4105 626 4179 delatum
652 4105 704 4191 sit,
730 4105 841 4179 altare
865 4106 966 4198 rolga
992 4104 1047 4179 det
1072 4102 1261 4178 Pedonia
1282 4103 1394 4178 Ecate-

152 4219 203 4291 sia
220 4217 408 4292 cathedrali
424 4218 595 4292 tlexiaana
612 4234 700 4310 pene
716 4217 901 4292 innumeris
918 4217 1057 4291 ditatum
1080 4234 1155 4290 esse
1172 4215 1391 4309 indulgentiis

154 4347 194 4404 ac
219 4331 409 4425 privilegiis,
443 4330 559 4405 eadem
590 4331 663 4406 Sao.
697 4331 915 4422 congregatio
939 4331 976 4403 in
1000 4330 1211 4423 generalibus
1241 4327 1391 4408 comitiis
