<?xml version="1.0" encoding="UTF-8"?>
<!DOCTYPE html PUBLIC "-//W3C//DTD XHTML 1.0 Transitional//EN"
    "http://www.w3.org/TR/xhtml1/DTD/xhtml1-transitional.dtd">
<html xmlns="http://www.w3.org/1999/xhtml" xml:lang="en" lang="en">
 <head>
  <title>
</title>
<meta http-equiv="Content-Type" content="text/html;charset=utf-8" />
  <meta name='ocr-system' content='tesseract 3.04.00' />
  <meta name='ocr-capabilities' content='ocr_page ocr_carea ocr_par ocr_line ocrx_word'/>
</head>
<body>
  <div class='ocr_page' id='page_1' title='image "./resolutionesseu00pringoog_0672.png"; bbox 0 0 3254 4914; ppageno 0'>
   <div class='ocr_carea' id='block_1_1' title="bbox 93 457 1341 1890">
    <p class='ocr_par' dir='ltr' id='par_1_1' title="bbox 97 457 1334 744">
     <span class='ocr_line' id='line_1_1' title="bbox 169 457 1332 554; baseline -0.001 -16"><span class='ocrx_word' id='word_1_1' title='bbox 169 474 215 538; x_wconf 83' lang='lat' dir='ltr'><strong>li.⁰</strong></span> <span class='ocrx_word' id='word_1_2' title='bbox 236 472 428 554; x_wconf 74' lang='lat' dir='ltr'><strong>indulgentia</strong></span> <span class='ocrx_word' id='word_1_3' title='bbox 454 471 591 538; x_wconf 85' lang='lat' dir='ltr'><strong>Pionaria</strong></span> <span class='ocrx_word' id='word_1_4' title='bbox 612 457 644 536; x_wconf 89' lang='lat' dir='ltr'><strong>in</strong></span> <span class='ocrx_word' id='word_1_5' title='bbox 672 471 722 536; x_wconf 92' lang='lat' dir='ltr'><strong>dle</strong></span> <span class='ocrx_word' id='word_1_6' title='bbox 741 471 838 537; x_wconf 83' lang='lat' dir='ltr'><strong>Officii</strong></span> <span class='ocrx_word' id='word_1_7' title='bbox 866 469 1022 536; x_wconf 76' lang='lat' dir='ltr'><strong>Generalis</strong></span> <span class='ocrx_word' id='word_1_8' title='bbox 1042 487 1099 554; x_wconf 91' lang='lat' dir='ltr'><strong>pru</strong></span> <span class='ocrx_word' id='word_1_9' title='bbox 1122 469 1332 538; x_wconf 75' lang='lat' dir='ltr'><strong>confratribus</strong></span> 
     </span>
     <span class='ocr_line' id='line_1_2' title="bbox 97 563 1334 650; baseline -0.002 -18"><span class='ocrx_word' id='word_1_10' title='bbox 97 568 250 648; x_wconf 86' lang='lat' dir='ltr'><strong>deluuntis,</strong></span> <span class='ocrx_word' id='word_1_11' title='bbox 264 567 313 633; x_wconf 92' lang='lat' dir='ltr'><strong>die</strong></span> <span class='ocrx_word' id='word_1_12' title='bbox 328 563 579 650; x_wconf 82' lang='lat' dir='ltr'><strong>vigesimaquinla</strong></span> <span class='ocrx_word' id='word_1_13' title='bbox 593 567 723 648; x_wconf 73' lang='lat' dir='ltr'><strong>Augusti</strong></span> <span class='ocrx_word' id='word_1_14' title='bbox 745 567 916 631; x_wconf 77' lang='lat' dir='ltr'><strong>celebrandi</strong></span> <span class='ocrx_word' id='word_1_15' title='bbox 937 565 1067 644; x_wconf 90' lang='lat' dir='ltr'><strong>singulis</strong></span> <span class='ocrx_word' id='word_1_16' title='bbox 1080 565 1244 646; x_wconf 86' lang='lat' dir='ltr'><strong>praedictis</strong></span> <span class='ocrx_word' id='word_1_17' title='bbox 1258 565 1334 630; x_wconf 82' lang='lat' dir='ltr'><strong>Gon·</strong></span> 
     </span>
     <span class='ocr_line' id='line_1_3' title="bbox 97 661 1141 744; baseline -0.002 -18"><span class='ocrx_word' id='word_1_18' title='bbox 97 664 233 734; x_wconf 77' lang='lat' dir='ltr'><strong>iratribus</strong></span> <span class='ocrx_word' id='word_1_19' title='bbox 254 663 513 741; x_wconf 82' lang='lat' dir='ltr'><strong>interessoutibus,</strong></span> <span class='ocrx_word' id='word_1_20' title='bbox 533 668 564 726; x_wconf 90' lang='lat' dir='ltr'><strong>et</strong></span> <span class='ocrx_word' id='word_1_21' title='bbox 584 669 619 726; x_wconf 93' lang='lat' dir='ltr'><strong>ut</strong></span> <span class='ocrx_word' id='word_1_22' title='bbox 639 679 730 744; x_wconf 88' lang='lat' dir='ltr'><strong>supra</strong></span> <span class='ocrx_word' id='word_1_23' title='bbox 750 662 905 742; x_wconf 79' lang='lat' dir='ltr'><strong>dispositis</strong></span> <span class='ocrx_word' id='word_1_24' title='bbox 924 667 955 726; x_wconf 88' lang='lat' dir='ltr'><strong>et</strong></span> <span class='ocrx_word' id='word_1_25' title='bbox 975 661 1141 726; x_wconf 90' lang='lat' dir='ltr'><strong>orantibus.</strong></span> 
     </span>
    </p>

    <p class='ocr_par' dir='ltr' id='par_1_2' title="bbox 96 754 1341 1027">
     <span class='ocr_line' id='line_1_4' title="bbox 170 754 1340 839; baseline 0 -17"><span class='ocrx_word' id='word_1_26' title='bbox 170 758 216 822; x_wconf 84' lang='lat' dir='ltr'><strong>b.⁰</strong></span> <span class='ocrx_word' id='word_1_27' title='bbox 236 757 429 839; x_wconf 86' lang='lat' dir='ltr'><strong>indulgentia</strong></span> <span class='ocrx_word' id='word_1_28' title='bbox 450 757 591 822; x_wconf 84' lang='lat' dir='ltr'><strong>Pienaria</strong></span> <span class='ocrx_word' id='word_1_29' title='bbox 607 757 722 822; x_wconf 88' lang='lat' dir='ltr'><strong>eisdem</strong></span> <span class='ocrx_word' id='word_1_30' title='bbox 737 754 945 822; x_wconf 85' lang='lat' dir='ltr'><strong>Coulratribus</strong></span> <span class='ocrx_word' id='word_1_31' title='bbox 958 757 990 820; x_wconf 94' lang='lat' dir='ltr'><strong>in</strong></span> <span class='ocrx_word' id='word_1_32' title='bbox 1003 757 1109 820; x_wconf 90' lang='lat' dir='ltr'><strong>mortis</strong></span> <span class='ocrx_word' id='word_1_33' title='bbox 1122 755 1252 821; x_wconf 86' lang='lat' dir='ltr'><strong>artieuio</strong></span> <span class='ocrx_word' id='word_1_34' title='bbox 1266 773 1340 822; x_wconf 88' lang='lat' dir='ltr'><strong>con-</strong></span> 
     </span>
     <span class='ocr_line' id='line_1_5' title="bbox 96 849 1341 932; baseline 0.002 -18"><span class='ocrx_word' id='word_1_35' title='bbox 96 853 214 930; x_wconf 87' lang='lat' dir='ltr'><strong>stitutis,</strong></span> <span class='ocrx_word' id='word_1_36' title='bbox 235 852 401 917; x_wconf 91' lang='lat' dir='ltr'><strong>dummodo</strong></span> <span class='ocrx_word' id='word_1_37' title='bbox 422 853 478 916; x_wconf 93' lang='lat' dir='ltr'><strong>rite</strong></span> <span class='ocrx_word' id='word_1_38' title='bbox 499 852 638 932; x_wconf 80' lang='lat' dir='ltr'><strong>dispositi</strong></span> <span class='ocrx_word' id='word_1_39' title='bbox 659 851 785 930; x_wconf 76' lang='lat' dir='ltr'><strong>iruerint,</strong></span> <span class='ocrx_word' id='word_1_40' title='bbox 807 851 854 914; x_wconf 88' lang='lat' dir='ltr'><strong>rei</strong></span> <span class='ocrx_word' id='word_1_41' title='bbox 874 851 980 914; x_wconf 89' lang='lat' dir='ltr'><strong>sallem</strong></span> <span class='ocrx_word' id='word_1_42' title='bbox 1001 849 1091 914; x_wconf 86' lang='lat' dir='ltr'><strong>cordo</strong></span> <span class='ocrx_word' id='word_1_43' title='bbox 1112 851 1242 915; x_wconf 83' lang='lat' dir='ltr'><strong>contrito</strong></span> <span class='ocrx_word' id='word_1_44' title='bbox 1263 851 1341 916; x_wconf 87' lang='lat' dir='ltr'><strong>San·</strong></span> 
     </span>
     <span class='ocr_line' id='line_1_6' title="bbox 96 946 1318 1027; baseline 0.002 -17"><span class='ocrx_word' id='word_1_45' title='bbox 96 947 260 1012; x_wconf 81' lang='lat' dir='ltr'><strong>dissimum</strong></span> <span class='ocrx_word' id='word_1_46' title='bbox 279 948 351 1011; x_wconf 85' lang='lat' dir='ltr'><strong>iesu</strong></span> <span class='ocrx_word' id='word_1_47' title='bbox 372 948 487 1012; x_wconf 85' lang='lat' dir='ltr'><strong>Nomen</strong></span> <span class='ocrx_word' id='word_1_48' title='bbox 509 947 610 1026; x_wconf 88' lang='lat' dir='ltr'><strong>corde,</strong></span> <span class='ocrx_word' id='word_1_49' title='bbox 630 946 657 1010; x_wconf 90' lang='lat' dir='ltr'><strong>si</strong></span> <span class='ocrx_word' id='word_1_50' title='bbox 678 961 730 1010; x_wconf 89' lang='lat' dir='ltr'><strong>oro</strong></span> <span class='ocrx_word' id='word_1_51' title='bbox 751 947 953 1027; x_wconf 86' lang='lat' dir='ltr'><strong>nequiverint,</strong></span> <span class='ocrx_word' id='word_1_52' title='bbox 974 946 1082 1010; x_wconf 86' lang='lat' dir='ltr'><strong>denote</strong></span> <span class='ocrx_word' id='word_1_53' title='bbox 1103 946 1318 1012; x_wconf 80' lang='lat' dir='ltr'><strong>inuocauerint.</strong></span> 
     </span>
    </p>

    <p class='ocr_par' dir='ltr' id='par_1_3' title="bbox 93 1040 1338 1219">
     <span class='ocr_line' id='line_1_7' title="bbox 171 1040 1338 1124; baseline 0.003 -19"><span class='ocrx_word' id='word_1_54' title='bbox 171 1042 216 1105; x_wconf 85' lang='lat' dir='ltr'><strong>i.⁰</strong></span> <span class='ocrx_word' id='word_1_55' title='bbox 237 1041 428 1124; x_wconf 79' lang='lat' dir='ltr'><strong>induigentia</strong></span> <span class='ocrx_word' id='word_1_56' title='bbox 455 1043 614 1122; x_wconf 79' lang='lat' dir='ltr'><strong>sexaginta</strong></span> <span class='ocrx_word' id='word_1_57' title='bbox 640 1040 761 1106; x_wconf 90' lang='lat' dir='ltr'><strong>dierum</strong></span> <span class='ocrx_word' id='word_1_58' title='bbox 781 1059 836 1123; x_wconf 91' lang='lat' dir='ltr'><strong>pro</strong></span> <span class='ocrx_word' id='word_1_59' title='bbox 856 1041 993 1123; x_wconf 87' lang='lat' dir='ltr'><strong>quolibet</strong></span> <span class='ocrx_word' id='word_1_60' title='bbox 1019 1057 1110 1122; x_wconf 88' lang='lat' dir='ltr'><strong>opere</strong></span> <span class='ocrx_word' id='word_1_61' title='bbox 1137 1041 1188 1124; x_wconf 94' lang='lat' dir='ltr'><strong>pio</strong></span> <span class='ocrx_word' id='word_1_62' title='bbox 1215 1042 1338 1122; x_wconf 81' lang='lat' dir='ltr'><strong>quoda</strong></span> 
     </span>
     <span class='ocr_line' id='line_1_8' title="bbox 93 1137 1269 1219; baseline 0.002 -19"><span class='ocrx_word' id='word_1_63' title='bbox 93 1137 273 1219; x_wconf 85' lang='lat' dir='ltr'><strong>supradictis</strong></span> <span class='ocrx_word' id='word_1_64' title='bbox 293 1137 501 1202; x_wconf 83' lang='lat' dir='ltr'><strong>Contratribus</strong></span> <span class='ocrx_word' id='word_1_65' title='bbox 521 1137 613 1202; x_wconf 88' lang='lat' dir='ltr'><strong>eorde</strong></span> <span class='ocrx_word' id='word_1_66' title='bbox 632 1137 740 1202; x_wconf 86' lang='lat' dir='ltr'><strong>saitem</strong></span> <span class='ocrx_word' id='word_1_67' title='bbox 759 1139 892 1201; x_wconf 87' lang='lat' dir='ltr'><strong>contrito</strong></span> <span class='ocrx_word' id='word_1_68' title='bbox 913 1153 949 1201; x_wconf 87' lang='lat' dir='ltr'><strong>ae</strong></span> <span class='ocrx_word' id='word_1_69' title='bbox 968 1139 1076 1202; x_wconf 85' lang='lat' dir='ltr'><strong>deuote</strong></span> <span class='ocrx_word' id='word_1_70' title='bbox 1096 1143 1269 1219; x_wconf 79' lang='lat' dir='ltr'><strong>peragetur.</strong></span> 
     </span>
    </p>

    <p class='ocr_par' dir='ltr' id='par_1_4' title="bbox 94 1231 1339 1693">
     <span class='ocr_line' id='line_1_9' title="bbox 168 1231 1336 1315; baseline 0.002 -19"><span class='ocrx_word' id='word_1_71' title='bbox 168 1231 216 1296; x_wconf 65' lang='lat'><strong>89</strong></span> <span class='ocrx_word' id='word_1_72' title='bbox 235 1233 279 1298; x_wconf 87' lang='lat' dir='ltr'><strong>iio</strong></span> <span class='ocrx_word' id='word_1_73' title='bbox 300 1240 401 1297; x_wconf 88' lang='lat' dir='ltr'><strong>autem</strong></span> <span class='ocrx_word' id='word_1_74' title='bbox 415 1231 586 1298; x_wconf 74' lang='lat' dir='ltr'><strong>Gonlmtres</strong></span> <span class='ocrx_word' id='word_1_75' title='bbox 599 1232 739 1298; x_wconf 77' lang='lat' dir='ltr'><strong>absentes</strong></span> <span class='ocrx_word' id='word_1_76' title='bbox 759 1233 824 1314; x_wconf 88' lang='lat' dir='ltr'><strong>qui,</strong></span> <span class='ocrx_word' id='word_1_77' title='bbox 843 1232 997 1296; x_wconf 87' lang='lat' dir='ltr'><strong>honorarii</strong></span> <span class='ocrx_word' id='word_1_78' title='bbox 1017 1231 1061 1297; x_wconf 95' lang='lat' dir='ltr'><strong>ibi</strong></span> <span class='ocrx_word' id='word_1_79' title='bbox 1082 1240 1238 1313; x_wconf 80' lang='lat' dir='ltr'><strong>sonentur,</strong></span> <span class='ocrx_word' id='word_1_80' title='bbox 1259 1233 1336 1315; x_wconf 88' lang='lat' dir='ltr'><strong>legi-</strong></span> 
     </span>
     <span class='ocr_line' id='line_1_10' title="bbox 96 1325 1339 1409; baseline 0.002 -19"><span class='ocrx_word' id='word_1_81' title='bbox 96 1327 164 1390; x_wconf 84' lang='lat' dir='ltr'><strong>time</strong></span> <span class='ocrx_word' id='word_1_82' title='bbox 185 1327 333 1409; x_wconf 90' lang='lat' dir='ltr'><strong>impediti,</strong></span> <span class='ocrx_word' id='word_1_83' title='bbox 354 1327 479 1408; x_wconf 87' lang='lat' dir='ltr'><strong>insuper</strong></span> <span class='ocrx_word' id='word_1_84' title='bbox 497 1327 707 1409; x_wconf 82' lang='lat' dir='ltr'><strong>spiritualibus</strong></span> <span class='ocrx_word' id='word_1_85' title='bbox 731 1327 816 1391; x_wconf 87' lang='lat' dir='ltr'><strong>iriseo</strong></span> <span class='ocrx_word' id='word_1_86' title='bbox 835 1325 924 1392; x_wconf 90' lang='lat' dir='ltr'><strong>donis</strong></span> <span class='ocrx_word' id='word_1_87' title='bbox 951 1327 1109 1408; x_wconf 88' lang='lat' dir='ltr'><strong>priventur</strong></span> <span class='ocrx_word' id='word_1_88' title='bbox 1134 1329 1254 1408; x_wconf 83' lang='lat' dir='ltr'><strong>quoties</strong></span> <span class='ocrx_word' id='word_1_89' title='bbox 1281 1329 1339 1393; x_wconf 79' lang='lat' dir='ltr'><strong>En-</strong></span> 
     </span>
     <span class='ocr_line' id='line_1_11' title="bbox 94 1421 1336 1512; baseline 0.003 -28"><span class='ocrx_word' id='word_1_90' title='bbox 94 1422 213 1486; x_wconf 86' lang='lat' dir='ltr'><strong>olesiam</strong></span> <span class='ocrx_word' id='word_1_91' title='bbox 233 1421 478 1486; x_wconf 85' lang='lat' dir='ltr'><strong>antenunoiatam</strong></span> <span class='ocrx_word' id='word_1_92' title='bbox 498 1423 620 1487; x_wconf 82' lang='lat' dir='ltr'><strong>uisitare</strong></span> <span class='ocrx_word' id='word_1_93' title='bbox 642 1423 844 1504; x_wconf 80' lang='lat' dir='ltr'><strong>nequiverint,</strong></span> <span class='ocrx_word' id='word_1_94' title='bbox 865 1421 1072 1500; x_wconf 86' lang='lat' dir='ltr'><strong>indulgentias</strong></span> <span class='ocrx_word' id='word_1_95' title='bbox 1093 1423 1216 1487; x_wconf 88' lang='lat' dir='ltr'><strong>easdem</strong></span> <span class='ocrx_word' id='word_1_96' title='bbox 1231 1440 1336 1512; x_wconf 82' lang='lat' dir='ltr'><strong>eonse-</strong></span> 
     </span>
     <span class='ocr_line' id='line_1_12' title="bbox 94 1515 1338 1598; baseline 0.002 -19"><span class='ocrx_word' id='word_1_97' title='bbox 94 1518 143 1596; x_wconf 83' lang='lat' dir='ltr'><strong>qui</strong></span> <span class='ocrx_word' id='word_1_98' title='bbox 157 1522 284 1598; x_wconf 87' lang='lat' dir='ltr'><strong>possunt</strong></span> <span class='ocrx_word' id='word_1_99' title='bbox 297 1521 328 1579; x_wconf 90' lang='lat' dir='ltr'><strong>et</strong></span> <span class='ocrx_word' id='word_1_100' title='bbox 342 1517 451 1595; x_wconf 85' lang='lat' dir='ltr'><strong>retent,</strong></span> <span class='ocrx_word' id='word_1_101' title='bbox 471 1515 637 1596; x_wconf 89' lang='lat' dir='ltr'><strong>dummodo</strong></span> <span class='ocrx_word' id='word_1_102' title='bbox 651 1517 762 1581; x_wconf 88' lang='lat' dir='ltr'><strong>omissa</strong></span> <span class='ocrx_word' id='word_1_103' title='bbox 777 1516 949 1580; x_wconf 83' lang='lat' dir='ltr'><strong>uisitatione</strong></span> <span class='ocrx_word' id='word_1_104' title='bbox 962 1515 1113 1581; x_wconf 80' lang='lat' dir='ltr'><strong>Ecclesiae</strong></span> <span class='ocrx_word' id='word_1_105' title='bbox 1128 1515 1159 1582; x_wconf 91' lang='lat' dir='ltr'><strong>S.</strong></span> <span class='ocrx_word' id='word_1_106' title='bbox 1172 1517 1338 1597; x_wconf 79' lang='lat' dir='ltr'><strong>Michaelis,</strong></span> 
     </span>
     <span class='ocr_line' id='line_1_13' title="bbox 94 1609 1336 1693; baseline 0.003 -21"><span class='ocrx_word' id='word_1_107' title='bbox 94 1610 148 1674; x_wconf 90' lang='lat' dir='ltr'><strong>alia</strong></span> <span class='ocrx_word' id='word_1_108' title='bbox 168 1611 219 1690; x_wconf 90' lang='lat' dir='ltr'><strong>pia</strong></span> <span class='ocrx_word' id='word_1_109' title='bbox 241 1626 331 1691; x_wconf 89' lang='lat' dir='ltr'><strong>opera</strong></span> <span class='ocrx_word' id='word_1_110' title='bbox 351 1628 369 1675; x_wconf 89' lang='lat' dir='ltr'><strong>a</strong></span> <span class='ocrx_word' id='word_1_111' title='bbox 389 1609 577 1675; x_wconf 82' lang='lat' dir='ltr'><strong>coniessario</strong></span> <span class='ocrx_word' id='word_1_112' title='bbox 598 1611 787 1693; x_wconf 82' lang='lat' dir='ltr'><strong>injungenda</strong></span> <span class='ocrx_word' id='word_1_113' title='bbox 808 1611 915 1676; x_wconf 85' lang='lat' dir='ltr'><strong>denoto</strong></span> <span class='ocrx_word' id='word_1_114' title='bbox 935 1627 971 1675; x_wconf 87' lang='lat' dir='ltr'><strong>ae</strong></span> <span class='ocrx_word' id='word_1_115' title='bbox 991 1610 1121 1675; x_wconf 86' lang='lat' dir='ltr'><strong>fideliter</strong></span> <span class='ocrx_word' id='word_1_116' title='bbox 1134 1617 1336 1692; x_wconf 78' lang='lat' dir='ltr'><strong>exequantur.</strong></span> 
     </span>
    </p>

    <p class='ocr_par' dir='ltr' id='par_1_5' title="bbox 94 1701 1338 1890">
     <span class='ocr_line' id='line_1_14' title="bbox 169 1701 1338 1788; baseline 0.002 -18"><span class='ocrx_word' id='word_1_117' title='bbox 169 1705 218 1770; x_wconf 85' lang='lat' dir='ltr'><strong>ll.⁰</strong></span> <span class='ocrx_word' id='word_1_118' title='bbox 239 1705 351 1771; x_wconf 86' lang='lat' dir='ltr'><strong>Omnes</strong></span> <span class='ocrx_word' id='word_1_119' title='bbox 371 1705 643 1787; x_wconf 88' lang='lat' dir='ltr'><strong>supraennnciatao</strong></span> <span class='ocrx_word' id='word_1_120' title='bbox 656 1705 869 1788; x_wconf 90' lang='lat' dir='ltr'><strong>indulgentiae</strong></span> <span class='ocrx_word' id='word_1_121' title='bbox 888 1705 952 1770; x_wconf 83' lang='lat' dir='ltr'><strong>sine</strong></span> <span class='ocrx_word' id='word_1_122' title='bbox 972 1705 1131 1770; x_wconf 88' lang='lat' dir='ltr'><strong>Pionariae</strong></span> <span class='ocrx_word' id='word_1_123' title='bbox 1150 1706 1214 1771; x_wconf 89' lang='lat' dir='ltr'><strong>sire</strong></span> <span class='ocrx_word' id='word_1_124' title='bbox 1227 1701 1338 1772; x_wconf 65' lang='lat' dir='ltr'><strong>tauta:</strong></span> 
     </span>
     <span class='ocr_line' id='line_1_15' title="bbox 94 1799 1138 1890; baseline 0.002 -27"><span class='ocrx_word' id='word_1_125' title='bbox 94 1799 134 1864; x_wconf 90' lang='lat' dir='ltr'><strong>les</strong></span> <span class='ocrx_word' id='word_1_126' title='bbox 153 1806 282 1882; x_wconf 87' lang='lat' dir='ltr'><strong>possunt</strong></span> <span class='ocrx_word' id='word_1_127' title='bbox 302 1799 462 1865; x_wconf 90' lang='lat' dir='ltr'><strong>animabus</strong></span> <span class='ocrx_word' id='word_1_128' title='bbox 482 1801 618 1865; x_wconf 86' lang='lat' dir='ltr'><strong>bdelium</strong></span> <span class='ocrx_word' id='word_1_129' title='bbox 638 1800 853 1890; x_wconf 84' lang='lat' dir='ltr'><strong>doiunotorum</strong></span> <span class='ocrx_word' id='word_1_130' title='bbox 872 1800 965 1865; x_wconf 89' lang='lat' dir='ltr'><strong>etiam</strong></span> <span class='ocrx_word' id='word_1_131' title='bbox 984 1800 1138 1882; x_wconf 84' lang='lat' dir='ltr'><strong>applicari.</strong></span> 
     </span>
    </p>
   </div>
   <div class='ocr_carea' id='block_1_2' title="bbox 91 1913 1342 2344">
    <p class='ocr_par' dir='ltr' id='par_1_6' title="bbox 91 1913 1342 2234">
     <span class='ocr_line' id='line_1_16' title="bbox 168 1913 1342 2008; baseline 0.004 -21"><span class='ocrx_word' id='word_1_132' title='bbox 168 1913 340 1988; x_wconf 78' lang='lat' dir='ltr'><strong>Praesenti</strong></span> <span class='ocrx_word' id='word_1_133' title='bbox 364 1913 535 2008; x_wconf 88' lang='lat' dir='ltr'><strong>perpetuis</strong></span> <span class='ocrx_word' id='word_1_134' title='bbox 563 1914 683 1989; x_wconf 92' lang='lat' dir='ltr'><strong>inturis</strong></span> <span class='ocrx_word' id='word_1_135' title='bbox 712 1915 920 2008; x_wconf 91' lang='lat' dir='ltr'><strong>temporibus</strong></span> <span class='ocrx_word' id='word_1_136' title='bbox 949 1913 1090 1988; x_wconf 84' lang='lat' dir='ltr'><strong>valituro</strong></span> <span class='ocrx_word' id='word_1_137' title='bbox 1122 1913 1252 2008; x_wconf 82' lang='lat' dir='ltr'><strong>absquo</strong></span> <span class='ocrx_word' id='word_1_138' title='bbox 1276 1917 1342 1992; x_wconf 85' lang='lat' dir='ltr'><strong>ulla</strong></span> 
     </span>
     <span class='ocr_line' id='line_1_17' title="bbox 91 2025 1341 2124; baseline 0.004 -25"><span class='ocrx_word' id='word_1_139' title='bbox 91 2026 201 2100; x_wconf 82' lang='lat' dir='ltr'><strong>Breuis</strong></span> <span class='ocrx_word' id='word_1_140' title='bbox 227 2025 451 2119; x_wconf 84' lang='lat' dir='ltr'><strong>expeditione.</strong></span> <span class='ocrx_word' id='word_1_141' title='bbox 483 2026 605 2100; x_wconf 90' lang='lat' dir='ltr'><strong>ilatum</strong></span> <span class='ocrx_word' id='word_1_142' title='bbox 636 2027 763 2101; x_wconf 89' lang='lat' dir='ltr'><strong>ilomae</strong></span> <span class='ocrx_word' id='word_1_143' title='bbox 787 2046 831 2102; x_wconf 83' lang='lat' dir='ltr'><strong>es</strong></span> <span class='ocrx_word' id='word_1_144' title='bbox 856 2026 1039 2102; x_wconf 79' lang='lat' dir='ltr'><strong>secretaria</strong></span> <span class='ocrx_word' id='word_1_145' title='bbox 1064 2027 1140 2102; x_wconf 87' lang='lat' dir='ltr'><strong>Sao.</strong></span> <span class='ocrx_word' id='word_1_146' title='bbox 1174 2027 1341 2124; x_wconf 84' lang='lat' dir='ltr'><strong>congreg.</strong></span> 
     </span>
     <span class='ocr_line' id='line_1_18' title="bbox 91 2137 728 2234; baseline -0.003 -20"><span class='ocrx_word' id='word_1_147' title='bbox 91 2137 219 2234; x_wconf 90' lang='lat' dir='ltr'><strong>iudulg.</strong></span> <span class='ocrx_word' id='word_1_148' title='bbox 246 2137 301 2215; x_wconf 90' lang='lat' dir='ltr'><strong>die</strong></span> <span class='ocrx_word' id='word_1_149' title='bbox 325 2143 371 2213; x_wconf 80' lang='lat'><strong>23</strong></span> <span class='ocrx_word' id='word_1_150' title='bbox 396 2138 595 2213; x_wconf 81' lang='lat' dir='ltr'><strong>Novembris</strong></span> <span class='ocrx_word' id='word_1_151' title='bbox 622 2141 728 2212; x_wconf 80' lang='lat' dir='ltr'><strong>illiti.</strong></span> 
     </span>
    </p>

    <p class='ocr_par' dir='ltr' id='par_1_7' title="bbox 735 2251 1240 2344">
     <span class='ocr_line' id='line_1_19' title="bbox 735 2251 1240 2344; baseline 0.008 -22"><span class='ocrx_word' id='word_1_152' title='bbox 735 2252 886 2344; x_wconf 73' lang='lat' dir='ltr'><strong>inpetis</strong></span> <span class='ocrx_word' id='word_1_153' title='bbox 913 2251 1091 2344; x_wconf 81' lang='lat' dir='ltr'><strong>dostoputi</strong></span> <span class='ocrx_word' id='word_1_154' title='bbox 1117 2252 1240 2326; x_wconf 76' lang='lat' dir='ltr'><strong>Serrei</strong></span> 
     </span>
    </p>
   </div>
   <div class='ocr_carea' id='block_1_3' title="bbox 538 2483 888 2543">
    <p class='ocr_par' dir='ltr' id='par_1_8' title="bbox 538 2483 888 2543">
     <span class='ocr_line' id='line_1_20' title="bbox 538 2483 888 2543; baseline -0.006 -9"><span class='ocrx_word' id='word_1_155' title='bbox 538 2484 686 2543; x_wconf 70' lang='lat' dir='ltr'><strong>stoutnutt</strong></span> <span class='ocrx_word' id='word_1_156' title='bbox 710 2483 888 2534; x_wconf 71' lang='lat' dir='ltr'><strong>stilibittttll</strong></span> 
     </span>
    </p>
   </div>
   <div class='ocr_carea' id='block_1_4' title="bbox 103 2590 1344 2786">
    <p class='ocr_par' dir='ltr' id='par_1_9' title="bbox 103 2590 1344 2786">
     <span class='ocr_line' id='line_1_21' title="bbox 103 2590 1344 2684; baseline -0.002 -23"><span class='ocrx_word' id='word_1_157' title='bbox 103 2593 363 2678; x_wconf 73' lang='lat' dir='ltr'><strong>indulgentiorem</strong></span> <span class='ocrx_word' id='word_1_158' title='bbox 382 2592 619 2660; x_wconf 61' lang='lat' dir='ltr'><strong>demoratione</strong></span> <span class='ocrx_word' id='word_1_159' title='bbox 638 2593 675 2658; x_wconf 89' lang='grc' dir='ltr'><strong>Β.</strong></span> <span class='ocrx_word' id='word_1_160' title='bbox 701 2591 743 2660; x_wconf 89' lang='lat' dir='ltr'><strong>ii.</strong></span> <span class='ocrx_word' id='word_1_161' title='bbox 776 2591 808 2657; x_wconf 85' lang='lat' dir='ltr'><strong>V.</strong></span> <span class='ocrx_word' id='word_1_162' title='bbox 834 2591 873 2656; x_wconf 88' lang='lat' dir='ltr'><strong>de</strong></span> <span class='ocrx_word' id='word_1_163' title='bbox 899 2590 991 2658; x_wconf 80' lang='lat' dir='ltr'><strong>botre</strong></span> <span class='ocrx_word' id='word_1_164' title='bbox 1014 2593 1108 2679; x_wconf 83' lang='lat' dir='ltr'><strong>Dante</strong></span> <span class='ocrx_word' id='word_1_165' title='bbox 1128 2590 1166 2658; x_wconf 84' lang='lat' dir='ltr'><strong>de</strong></span> <span class='ocrx_word' id='word_1_166' title='bbox 1180 2591 1344 2684; x_wconf 22' lang='lat' dir='ltr'><strong>‘boutoset</strong></span> 
     </span>
     <span class='ocr_line' id='line_1_22' title="bbox 169 2707 587 2786; baseline 0 -16"><span class='ocrx_word' id='word_1_167' title='bbox 169 2707 352 2786; x_wconf 77' lang='lat' dir='ltr'><strong>ouompotis</strong></span> <span class='ocrx_word' id='word_1_168' title='bbox 371 2721 587 2772; x_wconf 67' lang='lat' dir='ltr'><strong>sontum</strong></span> 
     </span>
    </p>
   </div>
   <div class='ocr_carea' id='block_1_5' title="bbox 88 2895 1346 4001">
    <p class='ocr_par' dir='ltr' id='par_1_10' title="bbox 88 2895 1346 4001">
     <span class='ocr_line' id='line_1_23' title="bbox 166 2895 1344 2974; baseline 0.003 -4"><span class='ocrx_word' id='word_1_169' title='bbox 166 2896 406 2972; x_wconf 75' lang='lat' dir='ltr'><strong>sanctissimus</strong></span> <span class='ocrx_word' id='word_1_170' title='bbox 430 2895 593 2974; x_wconf 84' lang='lat' dir='ltr'><strong>iiominus</strong></span> <span class='ocrx_word' id='word_1_171' title='bbox 616 2898 736 2972; x_wconf 88' lang='lat' dir='ltr'><strong>Noster</strong></span> <span class='ocrx_word' id='word_1_172' title='bbox 766 2896 846 2972; x_wconf 87' lang='lat' dir='ltr'><strong>Pius</strong></span> <span class='ocrx_word' id='word_1_173' title='bbox 877 2897 940 2972; x_wconf 79' lang='lat' dir='ltr'><strong>i’i’.</strong></span> <span class='ocrx_word' id='word_1_174' title='bbox 972 2895 1030 2974; x_wconf 90' lang='lat' dir='ltr'><strong>vii</strong></span> <span class='ocrx_word' id='word_1_175' title='bbox 1069 2895 1111 2972; x_wconf 87' lang='lat' dir='ltr'><strong>ad</strong></span> <span class='ocrx_word' id='word_1_176' title='bbox 1140 2895 1344 2973; x_wconf 91' lang='lat' dir='ltr'><strong>bumiliimas</strong></span> 
     </span>
     <span class='ocr_line' id='line_1_24' title="bbox 95 3007 1346 3103; baseline 0.003 -21"><span class='ocrx_word' id='word_1_177' title='bbox 95 3027 214 3100; x_wconf 77' lang='lat' dir='ltr'><strong>proces</strong></span> <span class='ocrx_word' id='word_1_178' title='bbox 238 3009 361 3103; x_wconf 80' lang='lat' dir='ltr'><strong>regalis</strong></span> <span class='ocrx_word' id='word_1_179' title='bbox 385 3010 669 3086; x_wconf 74' lang='lat' dir='ltr'><strong>commaternitatis</strong></span> <span class='ocrx_word' id='word_1_180' title='bbox 683 3011 749 3084; x_wconf 85' lang='lat' dir='ltr'><strong>sub</strong></span> <span class='ocrx_word' id='word_1_181' title='bbox 766 3011 861 3084; x_wconf 91' lang='lat' dir='ltr'><strong>titulo</strong></span> <span class='ocrx_word' id='word_1_182' title='bbox 875 3011 913 3083; x_wconf 90' lang='lat' dir='ltr'><strong>il.</strong></span> <span class='ocrx_word' id='word_1_183' title='bbox 928 3011 973 3084; x_wconf 86' lang='lat' dir='ltr'><strong>lt</strong></span> <span class='ocrx_word' id='word_1_184' title='bbox 990 3009 1032 3082; x_wconf 87' lang='lat' dir='ltr'><strong>V.</strong></span> <span class='ocrx_word' id='word_1_185' title='bbox 1050 3007 1093 3083; x_wconf 89' lang='lat' dir='ltr'><strong>de</strong></span> <span class='ocrx_word' id='word_1_186' title='bbox 1107 3011 1218 3084; x_wconf 80' lang='lat' dir='ltr'><strong>Notre</strong></span> <span class='ocrx_word' id='word_1_187' title='bbox 1232 3012 1346 3086; x_wconf 69' lang='lat' dir='ltr'><strong>ilum</strong></span> 
     </span>
     <span class='ocr_line' id='line_1_25' title="bbox 90 3119 1343 3217; baseline 0.002 -24"><span class='ocrx_word' id='word_1_188' title='bbox 90 3119 130 3193; x_wconf 85' lang='lat' dir='ltr'><strong>rie</strong></span> <span class='ocrx_word' id='word_1_189' title='bbox 153 3123 326 3198; x_wconf 68' lang='lat' dir='ltr'><strong>uouisset</strong></span> <span class='ocrx_word' id='word_1_190' title='bbox 338 3129 519 3217; x_wconf 81' lang='lat' dir='ltr'><strong>nuncupat</strong></span> <span class='ocrx_word' id='word_1_191' title='bbox 535 3123 571 3196; x_wconf 93' lang='lat' dir='ltr'><strong>in</strong></span> <span class='ocrx_word' id='word_1_192' title='bbox 587 3123 735 3196; x_wconf 80' lang='lat' dir='ltr'><strong>Erelesia</strong></span> <span class='ocrx_word' id='word_1_193' title='bbox 751 3123 786 3195; x_wconf 91' lang='lat' dir='ltr'><strong>S.</strong></span> <span class='ocrx_word' id='word_1_194' title='bbox 803 3121 983 3204; x_wconf 89' lang='lat' dir='ltr'><strong>biiebaeiis,</strong></span> <span class='ocrx_word' id='word_1_195' title='bbox 1009 3121 1161 3195; x_wconf 86' lang='lat' dir='ltr'><strong>Civitatis</strong></span> <span class='ocrx_word' id='word_1_196' title='bbox 1188 3127 1223 3194; x_wconf 90' lang='lat' dir='ltr'><strong>et</strong></span> <span class='ocrx_word' id='word_1_197' title='bbox 1243 3123 1343 3196; x_wconf 88' lang='lat' dir='ltr'><strong>bine-</strong></span> 
     </span>
     <span class='ocr_line' id='line_1_26' title="bbox 92 3233 1342 3328; baseline 0.002 -22"><span class='ocrx_word' id='word_1_198' title='bbox 92 3234 176 3307; x_wconf 80' lang='lat' dir='ltr'><strong>rosis</strong></span> <span class='ocrx_word' id='word_1_199' title='bbox 201 3233 414 3328; x_wconf 88' lang='lat' dir='ltr'><strong>Burdigaieu.</strong></span> <span class='ocrx_word' id='word_1_200' title='bbox 432 3235 592 3310; x_wconf 87' lang='lat' dir='ltr'><strong>eanonioe</strong></span> <span class='ocrx_word' id='word_1_201' title='bbox 607 3241 748 3321; x_wconf 87' lang='lat' dir='ltr'><strong>erectae,</strong></span> <span class='ocrx_word' id='word_1_202' title='bbox 764 3239 799 3307; x_wconf 91' lang='lat' dir='ltr'><strong>et</strong></span> <span class='ocrx_word' id='word_1_203' title='bbox 814 3252 857 3307; x_wconf 87' lang='lat' dir='ltr'><strong>es</strong></span> <span class='ocrx_word' id='word_1_204' title='bbox 874 3239 952 3306; x_wconf 84' lang='lat' dir='ltr'><strong>uoto</strong></span> <span class='ocrx_word' id='word_1_205' title='bbox 969 3233 1043 3305; x_wconf 88' lang='lat' dir='ltr'><strong>San.</strong></span> <span class='ocrx_word' id='word_1_206' title='bbox 1068 3233 1342 3324; x_wconf 85' lang='lat' dir='ltr'><strong>congregationis</strong></span> 
     </span>
     <span class='ocr_line' id='line_1_27' title="bbox 90 3341 1342 3446; baseline 0.004 -32"><span class='ocrx_word' id='word_1_207' title='bbox 90 3343 325 3438; x_wconf 89' lang='lat' dir='ltr'><strong>indulgentiis,</strong></span> <span class='ocrx_word' id='word_1_208' title='bbox 339 3347 516 3446; x_wconf 82' lang='lat' dir='ltr'><strong>sacrisque</strong></span> <span class='ocrx_word' id='word_1_209' title='bbox 528 3341 915 3440; x_wconf 83' lang='lat' dir='ltr'><strong>itebqndspraepositae,</strong></span> <span class='ocrx_word' id='word_1_210' title='bbox 927 3343 1342 3420; x_wconf 67' lang='lat' dir='ltr'><strong>Nnmbmanbnsbntv.</strong></span> 
     </span>
     <span class='ocr_line' id='line_1_28' title="bbox 90 3453 1343 3552; baseline 0 -22"><span class='ocrx_word' id='word_1_211' title='bbox 90 3453 130 3530; x_wconf 85' lang='lat' dir='ltr'><strong>de</strong></span> <span class='ocrx_word' id='word_1_212' title='bbox 153 3459 269 3532; x_wconf 89' lang='lat' dir='ltr'><strong>Notre</strong></span> <span class='ocrx_word' id='word_1_213' title='bbox 292 3460 405 3533; x_wconf 86' lang='lat' dir='ltr'><strong>Dente</strong></span> <span class='ocrx_word' id='word_1_214' title='bbox 430 3457 473 3533; x_wconf 88' lang='lat' dir='ltr'><strong>de</strong></span> <span class='ocrx_word' id='word_1_215' title='bbox 489 3463 659 3534; x_wconf 72' lang='lat' dir='ltr'><strong>Mortuost</strong></span> <span class='ocrx_word' id='word_1_216' title='bbox 674 3458 875 3552; x_wconf 87' lang='lat' dir='ltr'><strong>nnoenpatis</strong></span> <span class='ocrx_word' id='word_1_217' title='bbox 889 3463 924 3530; x_wconf 90' lang='lat' dir='ltr'><strong>et</strong></span> <span class='ocrx_word' id='word_1_218' title='bbox 939 3475 1002 3551; x_wconf 88' lang='lat' dir='ltr'><strong>per</strong></span> <span class='ocrx_word' id='word_1_219' title='bbox 1016 3454 1232 3531; x_wconf 85' lang='lat' dir='ltr'><strong>Sacerdotem</strong></span> <span class='ocrx_word' id='word_1_220' title='bbox 1251 3457 1343 3550; x_wconf 77' lang='lat' dir='ltr'><strong>ejus·</strong></span> 
     </span>
     <span class='ocr_line' id='line_1_29' title="bbox 90 3565 1342 3664; baseline 0.004 -25"><span class='ocrx_word' id='word_1_221' title='bbox 90 3565 167 3642; x_wconf 86' lang='lat' dir='ltr'><strong>dent</strong></span> <span class='ocrx_word' id='word_1_222' title='bbox 196 3569 481 3646; x_wconf 68' lang='lat' dir='ltr'><strong>mnmerntous</strong></span> <span class='ocrx_word' id='word_1_223' title='bbox 512 3572 689 3646; x_wconf 80' lang='lat' dir='ltr'><strong>Rectorem</strong></span> <span class='ocrx_word' id='word_1_224' title='bbox 719 3589 782 3664; x_wconf 90' lang='lat' dir='ltr'><strong>pro</strong></span> <span class='ocrx_word' id='word_1_225' title='bbox 812 3576 964 3662; x_wconf 88' lang='lat' dir='ltr'><strong>tempore</strong></span> <span class='ocrx_word' id='word_1_226' title='bbox 991 3569 1196 3654; x_wconf 76' lang='lat' dir='ltr'><strong>benedictis,</strong></span> <span class='ocrx_word' id='word_1_227' title='bbox 1221 3569 1257 3642; x_wconf 91' lang='lat' dir='ltr'><strong>in</strong></span> <span class='ocrx_word' id='word_1_228' title='bbox 1281 3588 1342 3644; x_wconf 87' lang='lat' dir='ltr'><strong>au·</strong></span> 
     </span>
     <span class='ocr_line' id='line_1_30' title="bbox 89 3679 1343 3778; baseline 0.004 -26"><span class='ocrx_word' id='word_1_229' title='bbox 89 3679 210 3756; x_wconf 87' lang='lat' dir='ltr'><strong>dlenlia</strong></span> <span class='ocrx_word' id='word_1_230' title='bbox 236 3701 299 3776; x_wconf 90' lang='lat' dir='ltr'><strong>per</strong></span> <span class='ocrx_word' id='word_1_231' title='bbox 322 3702 379 3757; x_wconf 89' lang='lat' dir='ltr'><strong>mo</strong></span> <span class='ocrx_word' id='word_1_232' title='bbox 401 3685 657 3778; x_wconf 87' lang='lat' dir='ltr'><strong>inlrasnriptnm</strong></span> <span class='ocrx_word' id='word_1_233' title='bbox 681 3682 903 3758; x_wconf 63' lang='lat' dir='ltr'><strong>Semurium</strong></span> <span class='ocrx_word' id='word_1_234' title='bbox 923 3681 1032 3756; x_wconf 86' lang='lat' dir='ltr'><strong>diotae</strong></span> <span class='ocrx_word' id='word_1_235' title='bbox 1055 3683 1130 3756; x_wconf 81' lang='lat' dir='ltr'><strong>Sao.</strong></span> <span class='ocrx_word' id='word_1_236' title='bbox 1155 3681 1343 3776; x_wconf 78' lang='lat' dir='ltr'><strong>Congrege-</strong></span> 
     </span>
     <span class='ocr_line' id='line_1_31' title="bbox 88 3791 1341 3886; baseline 0.006 -23"><span class='ocrx_word' id='word_1_237' title='bbox 88 3791 188 3866; x_wconf 89' lang='lat' dir='ltr'><strong>tionis</strong></span> <span class='ocrx_word' id='word_1_238' title='bbox 213 3794 329 3868; x_wconf 87' lang='lat' dir='ltr'><strong>bablta</strong></span> <span class='ocrx_word' id='word_1_239' title='bbox 351 3796 418 3870; x_wconf 90' lang='lat' dir='ltr'><strong>snb</strong></span> <span class='ocrx_word' id='word_1_240' title='bbox 443 3796 498 3870; x_wconf 91' lang='lat' dir='ltr'><strong>die</strong></span> <span class='ocrx_word' id='word_1_241' title='bbox 525 3801 571 3869; x_wconf 81' lang='lat'><strong>23</strong></span> <span class='ocrx_word' id='word_1_242' title='bbox 598 3794 808 3881; x_wconf 84' lang='lat' dir='ltr'><strong>Novembris,</strong></span> <span class='ocrx_word' id='word_1_243' title='bbox 832 3799 1015 3886; x_wconf 76' lang='lat' dir='ltr'><strong>sequentes</strong></span> <span class='ocrx_word' id='word_1_244' title='bbox 1039 3794 1206 3868; x_wconf 82' lang='lat' dir='ltr'><strong>noncessit</strong></span> <span class='ocrx_word' id='word_1_245' title='bbox 1228 3795 1341 3870; x_wconf 90' lang='lat' dir='ltr'><strong>indui-</strong></span> 
     </span>
     <span class='ocr_line' id='line_1_32' title="bbox 89 3906 1342 4001; baseline 0.006 -25"><span class='ocrx_word' id='word_1_246' title='bbox 89 3907 229 3993; x_wconf 84' lang='lat' dir='ltr'><strong>gentias,</strong></span> <span class='ocrx_word' id='word_1_247' title='bbox 257 3913 356 3998; x_wconf 92' lang='lat' dir='ltr'><strong>prout</strong></span> <span class='ocrx_word' id='word_1_248' title='bbox 377 3907 472 3994; x_wconf 91' lang='lat' dir='ltr'><strong>inira,</strong></span> <span class='ocrx_word' id='word_1_249' title='bbox 488 3909 562 3982; x_wconf 91' lang='lat' dir='ltr'><strong>sine</strong></span> <span class='ocrx_word' id='word_1_250' title='bbox 578 3907 784 4001; x_wconf 81' lang='lat' dir='ltr'><strong>praejudicio</strong></span> <span class='ocrx_word' id='word_1_251' title='bbox 808 3907 939 3978; x_wconf 92' lang='lat' dir='ltr'><strong>iliarum</strong></span> <span class='ocrx_word' id='word_1_252' title='bbox 960 3906 1032 3997; x_wconf 79' lang='lat' dir='ltr'><strong>iam</strong></span> <span class='ocrx_word' id='word_1_253' title='bbox 1049 3913 1158 3994; x_wconf 85' lang='lat' dir='ltr'><strong>antea,</strong></span> <span class='ocrx_word' id='word_1_254' title='bbox 1184 3908 1342 3984; x_wconf 73' lang='lat' dir='ltr'><strong>omnbus</strong></span> 
     </span>
    </p>
   </div>
   <div class='ocr_carea' id='block_1_6' title="bbox 90 4014 1344 4412">
    <p class='ocr_par' dir='ltr' id='par_1_11' title="bbox 90 4014 1344 4412">
     <span class='ocr_line' id='line_1_33' title="bbox 90 4014 1343 4113; baseline 0.005 -24"><span class='ocrx_word' id='word_1_255' title='bbox 90 4014 369 4092; x_wconf 77' lang='lat' dir='ltr'><strong>christifidelibus</strong></span> <span class='ocrx_word' id='word_1_256' title='bbox 392 4021 590 4113; x_wconf 84' lang='lat' dir='ltr'><strong>generaliter</strong></span> <span class='ocrx_word' id='word_1_257' title='bbox 613 4037 864 4095; x_wconf 77' lang='lat' dir='ltr'><strong>oontnssarum.</strong></span> <span class='ocrx_word' id='word_1_258' title='bbox 884 4014 1132 4108; x_wconf 73' lang='lat' dir='ltr'><strong>«indulgendo</strong></span> <span class='ocrx_word' id='word_1_259' title='bbox 1156 4023 1343 4094; x_wconf 65' lang='lat' dir='ltr'><strong>teratu</strong></span> 
     </span>
     <span class='ocr_line' id='line_1_34' title="bbox 91 4125 1344 4226; baseline 0.009 -26"><span class='ocrx_word' id='word_1_260' title='bbox 91 4125 225 4203; x_wconf 59' lang='lat' dir='ltr'><strong>wem</strong></span> <span class='ocrx_word' id='word_1_261' title='bbox 251 4132 405 4206; x_wconf 75' lang='lat' dir='ltr'><strong>omnibns</strong></span> <span class='ocrx_word' id='word_1_262' title='bbox 430 4133 604 4226; x_wconf 73' lang='lat' dir='ltr'><strong>utriusque</strong></span> <span class='ocrx_word' id='word_1_263' title='bbox 627 4151 729 4208; x_wconf 75' lang='lat' dir='ltr'><strong>sexus</strong></span> <span class='ocrx_word' id='word_1_264' title='bbox 755 4125 1036 4220; x_wconf 68' lang='lat' dir='ltr'><strong>christifidelium</strong></span> <span class='ocrx_word' id='word_1_265' title='bbox 1060 4147 1221 4208; x_wconf 62' lang='lat' dir='ltr'><strong>educato</strong></span> <span class='ocrx_word' id='word_1_266' title='bbox 1245 4135 1344 4210; x_wconf 68' lang='lat' dir='ltr'><strong>lolia</strong></span> 
     </span>
     <span class='ocr_line' id='line_1_35' title="bbox 93 4240 1122 4412; baseline 0 -96"><span class='ocrx_word' id='word_1_267' title='bbox 93 4241 222 4412; x_wconf 52' lang='grc' dir='ltr'><strong>ᾳιιοτὶιδε</strong></span> <span class='ocrx_word' id='word_1_268' title='bbox 247 4242 288 4316; x_wconf 84' lang='lat' dir='ltr'><strong>io</strong></span> <span class='ocrx_word' id='word_1_269' title='bbox 309 4245 520 4336; x_wconf 70' lang='lat' dir='ltr'><strong>epumtibm</strong></span> <span class='ocrx_word' id='word_1_270' title='bbox 539 4245 610 4339; x_wconf 76' lang='lat' dir='ltr'><strong>pio</strong></span> <span class='ocrx_word' id='word_1_271' title='bbox 633 4245 792 4340; x_wconf 80' lang='lat' dir='ltr'><strong>operrbrn</strong></span> <span class='ocrx_word' id='word_1_272' title='bbox 814 4240 1122 4318; x_wconf 75' lang='lat' dir='ltr'><strong>sereerroosrrint.</strong></span> 
     </span>
    </p>
   </div>
   <div class='ocr_carea' id='block_1_7' title="bbox 0 0 1632 4914">
    <p class='ocr_par' dir='ltr' id='par_1_12' title="bbox 0 0 1632 4914">
     <span class='ocr_line' id='line_1_36' title="bbox 0 0 1632 4914; baseline 0 0"><span class='ocrx_word' id='word_1_273' title='bbox 0 0 1632 4914; x_wconf 95' lang='lat' dir='ltr'><strong> </strong></span> 
     </span>
    </p>
   </div>
  </div>
 </body>
</html>
