3134 4918
574 383 622 402 -
648 353 717 420 aas
745 385 792 402 -

92 489 154 560 siai
177 483 292 561 cordis
316 487 648 578 lamentacione
671 490 804 580 Vipost
830 487 998 562 Octavam
1024 489 1184 583 Corporis
1208 488 1303 564 Ciri-

89 601 132 780 jti,
147 601 195 670 oet
218 600 292 671 etia
318 597 373 672 die
399 597 441 671 de
468 598 649 672 Ontiraaii
676 601 923 674 escensana
940 600 1013 672 Sao.
1031 601 1153 692 Congr.
1175 599 1231 676 die
1257 605 1303 674 28

10 719 12 780 i
105 709 161 782 unii
187 715 291 784 iiiii.

629 911 743 982 axii.

556 1055 818 1110 santones.
1290 1051 1334 1130 θ,

143 1163 315 1239 rorocnos
339 1165 423 1238 Loci
446 1165 490 1238 de
515 1164 547 1236 ia
572 1164 716 1237 sanante
742 1164 911 1238 Dioecesis
928 1164 1168 1239 ambianensis
1187 1170 1307 1260 petens
1366 1199 1376 1220 ·

85 1276 153 1348 oS.
179 1275 264 1350 Sede
289 1275 468 1350 indultam
493 1275 713 1350 benedicendi
737 1295 876 1350 sanaem
903 1278 1093 1370 scapulare
1118 1279 1264 1369 qaaerit.

145 1387 190 1461 t,⁰
213 1390 268 1460 Aa
294 1387 358 1462 too
383 1387 475 1462 idern
500 1386 680 1461 Iariottam
706 1389 961 1462 commonicare
973 1389 1083 1482 possit
1098 1390 1206 1462 ineos
1227 1391 1307 1464 aliis

83 1498 140 1571 sais
164 1499 433 1594 Garesratribas?
1159 1571 1162 1578 .

141 1611 187 1684 2⁰
211 1615 267 1684 Aa
291 1611 408 1704 fideles
424 1612 618 1706 dispensari
637 1613 834 1705 possintne
853 1613 1246 1707 oolipaaoneoescenoi,
1268 1619 1306 1687 at

81 1721 189 1796 dictor
212 1724 247 1798 di
273 1743 391 1818 magro
415 1725 505 1818 [erio
530 1727 548 1797 i
555 1725 581 1796 V
602 1725 778 1815 caiaslioet
803 1723 1052 1808 noanneane,
1084 1745 1173 1817 qaae
1198 1746 1303 1819 prae·

80 1835 190 1930 sapia
215 1841 265 1910 est
290 1838 501 1930 oeaaaioos
524 1855 663 1910 sacram
690 1837 904 1928 Scopaiorc?

138 1949 209 2022 Sao.
227 1949 451 2042 congregatio
467 1947 642 2042 respondit
660 1947 739 2021 «Ad
755 1949 902 2041 primam
918 1979 930 2012 ι
949 1953 1111 2025 Recurrat
1126 1952 1307 2044 numquis

78 2077 132 2152 ane
153 2062 366 2154 singulariter
390 2080 453 2155 pro
479 2061 712 2154 impetratione
737 2060 900 2134 tenuitatis
924 2061 1156 2146 benedicendi,
1184 2071 1217 2137 et
1241 2064 1304 2137 im·

78 2173 207 2262 mnenffi
232 2192 331 2247 sacra
354 2173 556 2266 scapularia.
583 2171 661 2245 «Ad
684 2171 897 2245 secondom»
921 2172 1109 2246 ammona
1125 2174 1217 2265 gravi
1246 2174 1306 2246 im·

78 2283 267 2374 pedimento-
281 2305 351 2360 non
376 2286 484 2360 teneri
508 2284 699 2360 confratres
725 2303 837 2378 neque
863 2284 905 2357 aa
927 2285 1102 2378 ieiunium,
1128 2285 1307 2376 nequead

78 2396 295 2472 recitationem
320 2398 486 2470 Horarum
512 2395 769 2480 canonicarem,
792 2402 851 2468 ant
863 2394 970 2468 Officii
995 2394 1090 2467 Parvi
1116 2396 1153 2468 B.
1178 2395 1221 2468 M.
1247 2395 1308 2484 V.;

77 2525 173 2600 neque
198 2509 243 2582 ad
268 2507 506 2584 abstinentiam
531 2506 652 2580 diebus
675 2507 840 2592 Mercurii,
867 2513 900 2580 et
925 2506 1079 2580 sabbati:
1101 2505 1307 2580 consulendi

76 2623 171 2692 amen
195 2619 328 2704 fideles,
345 2624 384 2693 nt
408 2620 473 2692 hoo
498 2618 533 2692 in
558 2637 639 2696 oasa
656 2637 694 2694 se
710 2619 887 2693 subiiciens
909 2618 1035 2711 jndicio
1062 2618 1162 2702 docti,
1180 2624 1215 2692 ei
1230 2638 1310 2712 prn-

75 2725 169 2804 aenas
193 2731 399 2806 Confessarii
415 2750 478 2832 pro
495 2731 607 2825 aliqua
622 2732 884 2806 commutatione
909 2731 1164 2826 impetranda».
1182 2732 1232 2804 lta
1246 2729 1305 2805 de·

75 2838 192 2914 aaronis
218 2843 296 2916 Sne.
314 2843 437 2934 Congr.
455 2840 510 2919 oie
528 2846 551 2912 6
568 2840 711 2932 Augusti
731 2846 820 2916 tait
851 2839 894 2913 ad
919 2841 1060 2916 formam
1087 2841 1226 2918 aionem
1243 2841 1305 2916 ae·

74 2958 241 3030 craterum.
480 2989 520 3060 ,ἱ

638 3149 737 3238 axv.

533 3295 839 3366 rannsnnsrnn.

131 3403 320 3498 episcopas
341 3403 616 3478 tarantasiensis
633 3402 769 3494 qaaerit
786 3419 809 3474 a
828 3402 905 3474 Sec.
922 3400 1178 3492 cananaeam
1194 3399 1304 3472 Breve
1336 3471 1340 3476 ,

72 3511 108 3584 oi
131 3534 168 3588 eo
193 3521 376 3610 acceptam
396 3534 465 3608 pro
491 3515 662 3608 [acoltate
679 3511 843 3606 aripenni,
869 3531 928 3586 sea
954 3509 1157 3585 declarandi
1183 3509 1233 3582 ad
1253 3528 1303 3582 se·

68 3628 247 3714 pamniam
259 3629 466 3722 macriorem
482 3627 720 3700 anamaltore
736 3625 999 3717 Prioiiepiatam
1014 3625 1051 3696 in
1067 3621 1220 3714 qnalibet
1239 3621 1303 3694 Ec·

72 3735 163 3812 clean
186 3757 273 3814 saoe
297 3740 480 3818 Diocaesis,
507 3735 664 3812 ooliaon
680 3737 724 3808 sit
741 3740 876 3808 tantam
895 3755 964 3828 pro
985 3735 1102 3827 primo
1118 3730 1303 3823 septennio

72 3847 257 3924 immediate
283 3852 438 3944 manenti
461 3868 562 3924 mora
590 3848 897 3928 Consecretionem,
924 3848 976 3918 ita
1000 3849 1050 3926 ai,
1076 3843 1117 3923 si,
1144 3840 1207 3912 noc
1225 3858 1305 3931 per·

72 3957 206 4038 terame
232 3965 433 4058 septennio,
460 3960 615 4034 nondam
642 3960 761 4033 omnia
786 3958 925 4033 Attenia
942 3955 1149 4030 declarasset
1160 3949 1303 4043 prioiie·

72 4072 168 4159 aioto,
191 4076 326 4169 poterit
342 4093 384 4148 ea
402 4073 597 4152 deotomre,
625 4069 689 4144 troo
714 4072 787 4164 ipso
812 4069 996 4163 septennio
1021 4064 1196 4150 absolat05
1217 4066 1250 4134 et
1266 4061 1303 4134 in

16 4205 17 4208 ‘
69 4185 171 4270 primo
188 4205 273 4261 oasa
287 4206 353 4280 per
370 4190 455 4277 oaot
471 4202 581 4258 annos
599 4183 719 4256 attare
731 4180 993 4274 prioitepiotaac
1003 4173 1197 4270 petendam
1214 4173 1303 4244 eritt

73 4295 118 4366 to
140 4299 192 4370 oet
217 4299 370 4390 [aoaitas
395 4299 440 4372 sit
465 4295 515 4371 oa
546 4295 656 4370 eitam
690 4293 858 4388 Episcopi,
887 4295 917 4365 et
942 4292 1062 4364 nitore
1093 4290 1226 4363 tantam
1255 4283 1305 4356 aei

184 4413 233 4479 28
