<?xml version="1.0" encoding="UTF-8"?>
<!DOCTYPE html PUBLIC "-//W3C//DTD XHTML 1.0 Transitional//EN"
    "http://www.w3.org/TR/xhtml1/DTD/xhtml1-transitional.dtd">
<html xmlns="http://www.w3.org/1999/xhtml" xml:lang="en" lang="en">
 <head>
  <title>
</title>
<meta http-equiv="Content-Type" content="text/html;charset=utf-8" />
  <meta name='ocr-system' content='tesseract 3.04.00' />
  <meta name='ocr-capabilities' content='ocr_page ocr_carea ocr_par ocr_line ocrx_word'/>
</head>
<body>
  <div class='ocr_page' id='page_1' title='image "./resolutionesseu00pringoog_0293.png"; bbox 0 0 3130 4920; ppageno 0'>
   <div class='ocr_carea' id='block_1_1' title="bbox 802 339 1019 408">
    <p class='ocr_par' dir='ltr' id='par_1_1' title="bbox 802 339 1019 408">
     <span class='ocr_line' id='line_1_1' title="bbox 802 339 1019 408; baseline 0 0"><span class='ocrx_word' id='word_1_1' title='bbox 802 339 1019 408; x_wconf 74' lang='lat'><strong>-286-</strong></span> 
     </span>
    </p>
   </div>
   <div class='ocr_carea' id='block_1_2' title="bbox 298 469 1506 1004">
    <p class='ocr_par' dir='ltr' id='par_1_2' title="bbox 299 469 1505 570">
     <span class='ocr_line' id='line_1_2' title="bbox 299 469 1505 570; baseline -0.001 -19"><span class='ocrx_word' id='word_1_2' title='bbox 299 476 365 551; x_wconf 86' lang='lat' dir='ltr'><strong>bns</strong></span> <span class='ocrx_word' id='word_1_3' title='bbox 390 475 425 550; x_wconf 93' lang='lat' dir='ltr'><strong>in</strong></span> <span class='ocrx_word' id='word_1_4' title='bbox 448 475 650 551; x_wconf 78' lang='lat' dir='ltr'><strong>macarium</strong></span> <span class='ocrx_word' id='word_1_5' title='bbox 674 473 868 550; x_wconf 85' lang='lat' dir='ltr'><strong>iacientibus</strong></span> <span class='ocrx_word' id='word_1_6' title='bbox 893 473 1174 567; x_wconf 83' lang='lat' dir='ltr'><strong>quibuscumque.</strong></span> <span class='ocrx_word' id='word_1_7' title='bbox 1200 474 1368 550; x_wconf 84' lang='lat' dir='ltr'><strong>Praesenti</strong></span> <span class='ocrx_word' id='word_1_8' title='bbox 1390 469 1505 570; x_wconf 88' lang='lat' dir='ltr'><strong>iu&#39;per·</strong></span> 
     </span>
    </p>

    <p class='ocr_par' dir='ltr' id='par_1_3' title="bbox 298 587 1505 684">
     <span class='ocr_line' id='line_1_3' title="bbox 298 587 1505 684; baseline 0.001 -21"><span class='ocrx_word' id='word_1_9' title='bbox 298 595 438 684; x_wconf 86' lang='lat' dir='ltr'><strong>pctuum</strong></span> <span class='ocrx_word' id='word_1_10' title='bbox 463 589 613 662; x_wconf 80' lang='lat' dir='ltr'><strong>valituro.</strong></span> <span class='ocrx_word' id='word_1_11' title='bbox 638 589 817 682; x_wconf 78' lang='lat' dir='ltr'><strong>voluitque</strong></span> <span class='ocrx_word' id='word_1_12' title='bbox 841 587 1003 662; x_wconf 73' lang='lat' dir='ltr'><strong>Sanctitas</strong></span> <span class='ocrx_word' id='word_1_13' title='bbox 1028 587 1097 662; x_wconf 90' lang='lat' dir='ltr'><strong>Sua</strong></span> <span class='ocrx_word' id='word_1_14' title='bbox 1119 587 1207 664; x_wconf 91' lang='lat' dir='ltr'><strong>banc</strong></span> <span class='ocrx_word' id='word_1_15' title='bbox 1231 587 1367 681; x_wconf 81' lang='lat' dir='ltr'><strong>gratiam</strong></span> <span class='ocrx_word' id='word_1_16' title='bbox 1394 589 1505 682; x_wconf 88' lang='lat' dir='ltr'><strong>absque</strong></span> 
     </span>
    </p>

    <p class='ocr_par' dir='ltr' id='par_1_4' title="bbox 298 699 1506 794">
     <span class='ocr_line' id='line_1_4' title="bbox 298 699 1506 794; baseline 0.002 -20"><span class='ocrx_word' id='word_1_17' title='bbox 298 701 364 774; x_wconf 91' lang='lat' dir='ltr'><strong>nlla</strong></span> <span class='ocrx_word' id='word_1_18' title='bbox 393 701 507 776; x_wconf 85' lang='lat' dir='ltr'><strong>bracis</strong></span> <span class='ocrx_word' id='word_1_19' title='bbox 532 701 743 794; x_wconf 79' lang='lat' dir='ltr'><strong>expeditione</strong></span> <span class='ocrx_word' id='word_1_20' title='bbox 768 699 951 793; x_wconf 79' lang='lat' dir='ltr'><strong>suungan.</strong></span> <span class='ocrx_word' id='word_1_21' title='bbox 976 700 1097 777; x_wconf 84' lang='lat' dir='ltr'><strong>ilatum</strong></span> <span class='ocrx_word' id='word_1_22' title='bbox 1124 700 1250 776; x_wconf 81' lang='lat' dir='ltr'><strong>Romae</strong></span> <span class='ocrx_word' id='word_1_23' title='bbox 1274 719 1318 774; x_wconf 86' lang='lat' dir='ltr'><strong>er</strong></span> <span class='ocrx_word' id='word_1_24' title='bbox 1343 701 1506 779; x_wconf 79' lang='lat' dir='ltr'><strong>socratam</strong></span> 
     </span>
    </p>

    <p class='ocr_par' dir='ltr' id='par_1_5' title="bbox 298 813 1454 1004">
     <span class='ocr_line' id='line_1_5' title="bbox 298 813 1454 908; baseline 0.002 -22"><span class='ocrx_word' id='word_1_25' title='bbox 298 814 372 888; x_wconf 88' lang='lat' dir='ltr'><strong>Sao.</strong></span> <span class='ocrx_word' id='word_1_26' title='bbox 405 814 676 908; x_wconf 79' lang='lat' dir='ltr'><strong>congregationis</strong></span> <span class='ocrx_word' id='word_1_27' title='bbox 700 813 983 908; x_wconf 82' lang='lat' dir='ltr'><strong>indulgentiamm</strong></span> <span class='ocrx_word' id='word_1_28' title='bbox 1007 813 1063 888; x_wconf 87' lang='lat' dir='ltr'><strong>die</strong></span> <span class='ocrx_word' id='word_1_29' title='bbox 1089 818 1135 888; x_wconf 78' lang='lat' dir='ltr'><strong>la</strong></span> <span class='ocrx_word' id='word_1_30' title='bbox 1159 813 1329 890; x_wconf 77' lang='lat' dir='ltr'><strong>Februarii</strong></span> <span class='ocrx_word' id='word_1_31' title='bbox 1356 821 1454 888; x_wconf 78' lang='lat' dir='ltr'><strong>libb.</strong></span> 
     </span>
     <span class='ocr_line' id='line_1_6' title="bbox 947 928 1445 1004; baseline 0.002 -4"><span class='ocrx_word' id='word_1_32' title='bbox 947 928 978 1002; x_wconf 81' lang='lat' dir='ltr'><strong>J.</strong></span> <span class='ocrx_word' id='word_1_33' title='bbox 1006 928 1043 1002; x_wconf 83' lang='lat' dir='ltr'><strong>G.</strong></span> <span class='ocrx_word' id='word_1_34' title='bbox 1068 929 1120 1004; x_wconf 82' lang='lat' dir='ltr'><strong>llo</strong></span> <span class='ocrx_word' id='word_1_35' title='bbox 1145 928 1301 1004; x_wconf 78' lang='lat' dir='ltr'><strong>montio</strong></span> <span class='ocrx_word' id='word_1_36' title='bbox 1326 929 1445 1004; x_wconf 74' lang='lat' dir='ltr'><strong>Secum</strong></span> 
     </span>
    </p>
   </div>
   <div class='ocr_carea' id='block_1_3' title="bbox 780 1123 1035 1216">
    <p class='ocr_par' dir='ltr' id='par_1_6' title="bbox 780 1123 1035 1216">
     <span class='ocr_line' id='line_1_7' title="bbox 780 1123 1035 1216; baseline -0.004 -15"><span class='ocrx_word' id='word_1_37' title='bbox 780 1123 1035 1216; x_wconf 79' lang='lat' dir='ltr'><strong>ccclxxviii.</strong></span> 
     </span>
    </p>
   </div>
   <div class='ocr_carea' id='block_1_4' title="bbox 294 1263 1510 1473">
    <p class='ocr_par' dir='ltr' id='par_1_7' title="bbox 294 1263 1510 1473">
     <span class='ocr_line' id='line_1_8' title="bbox 368 1263 1510 1359; baseline 0 -21"><span class='ocrx_word' id='word_1_38' title='bbox 368 1263 559 1359; x_wconf 77' lang='lat' dir='ltr'><strong>suspensae</strong></span> <span class='ocrx_word' id='word_1_39' title='bbox 583 1265 719 1341; x_wconf 83' lang='lat' dir='ltr'><strong>tuarum</strong></span> <span class='ocrx_word' id='word_1_40' title='bbox 742 1284 762 1338; x_wconf 91' lang='lat' dir='ltr'><strong>a</strong></span> <span class='ocrx_word' id='word_1_41' title='bbox 786 1283 835 1340; x_wconf 87' lang='lat' dir='ltr'><strong>sa.</strong></span> <span class='ocrx_word' id='word_1_42' title='bbox 861 1283 927 1340; x_wconf 90' lang='lat' dir='ltr'><strong>me.</strong></span> <span class='ocrx_word' id='word_1_43' title='bbox 953 1263 1132 1342; x_wconf 80' lang='lat' dir='ltr'><strong>benedicto</strong></span> <span class='ocrx_word' id='word_1_44' title='bbox 1155 1263 1233 1340; x_wconf 87' lang='lat' dir='ltr'><strong>lllll</strong></span> <span class='ocrx_word' id='word_1_45' title='bbox 1256 1263 1428 1359; x_wconf 81' lang='lat' dir='ltr'><strong>Reliquiae</strong></span> <span class='ocrx_word' id='word_1_46' title='bbox 1449 1283 1510 1340; x_wconf 91' lang='lat' dir='ltr'><strong>mu·</strong></span> 
     </span>
     <span class='ocr_line' id='line_1_9' title="bbox 294 1377 1508 1473; baseline -0.001 -21"><span class='ocrx_word' id='word_1_47' title='bbox 294 1377 382 1452; x_wconf 89' lang='lat' dir='ltr'><strong>uitae</strong></span> <span class='ocrx_word' id='word_1_48' title='bbox 407 1377 523 1472; x_wconf 79' lang='lat' dir='ltr'><strong>sigillo,</strong></span> <span class='ocrx_word' id='word_1_49' title='bbox 550 1385 583 1452; x_wconf 95' lang='lat' dir='ltr'><strong>et</strong></span> <span class='ocrx_word' id='word_1_50' title='bbox 607 1379 817 1473; x_wconf 77' lang='lat' dir='ltr'><strong>subscriptae</strong></span> <span class='ocrx_word' id='word_1_51' title='bbox 841 1397 945 1454; x_wconf 92' lang='lat' dir='ltr'><strong>mann</strong></span> <span class='ocrx_word' id='word_1_52' title='bbox 969 1379 1164 1452; x_wconf 61' lang='lat' dir='ltr'><strong>massulam</strong></span> <span class='ocrx_word' id='word_1_53' title='bbox 1189 1379 1293 1455; x_wconf 85' lang='lat' dir='ltr'><strong>basso</strong></span> <span class='ocrx_word' id='word_1_54' title='bbox 1310 1378 1355 1454; x_wconf 84' lang='lat' dir='ltr'><strong>(lc</strong></span> <span class='ocrx_word' id='word_1_55' title='bbox 1373 1377 1508 1470; x_wconf 80' lang='lat' dir='ltr'><strong>lallcpa,</strong></span> 
     </span>
    </p>
   </div>
   <div class='ocr_carea' id='block_1_5' title="bbox 285 1490 1517 3714">
    <p class='ocr_par' dir='ltr' id='par_1_8' title="bbox 292 1490 1510 1811">
     <span class='ocr_line' id='line_1_10' title="bbox 293 1490 1509 1584; baseline -0.002 -16"><span class='ocrx_word' id='word_1_56' title='bbox 293 1491 473 1584; x_wconf 85' lang='lat' dir='ltr'><strong>llalrmga,</strong></span> <span class='ocrx_word' id='word_1_57' title='bbox 499 1492 631 1577; x_wconf 88' lang='lat' dir='ltr'><strong>biclino,</strong></span> <span class='ocrx_word' id='word_1_58' title='bbox 658 1493 786 1577; x_wconf 80' lang='lat' dir='ltr'><strong>Ursuli,</strong></span> <span class='ocrx_word' id='word_1_59' title='bbox 813 1499 847 1567; x_wconf 86' lang='lat' dir='ltr'><strong>at</strong></span> <span class='ocrx_word' id='word_1_60' title='bbox 871 1491 1036 1566; x_wconf 86' lang='lat' dir='ltr'><strong>Praesulis</strong></span> <span class='ocrx_word' id='word_1_61' title='bbox 1062 1491 1169 1575; x_wconf 79' lang='lat' dir='ltr'><strong>Grillt</strong></span> <span class='ocrx_word' id='word_1_62' title='bbox 1195 1499 1229 1566; x_wconf 87' lang='lat' dir='ltr'><strong>ct</strong></span> <span class='ocrx_word' id='word_1_63' title='bbox 1252 1491 1283 1566; x_wconf 90' lang='lat' dir='ltr'><strong>si</strong></span> <span class='ocrx_word' id='word_1_64' title='bbox 1308 1490 1431 1568; x_wconf 83' lang='lat' dir='ltr'><strong>nomm</strong></span> <span class='ocrx_word' id='word_1_65' title='bbox 1445 1509 1509 1566; x_wconf 86' lang='lat' dir='ltr'><strong>curo</strong></span> 
     </span>
     <span class='ocr_line' id='line_1_11' title="bbox 292 1603 1510 1700; baseline 0 -23"><span class='ocrx_word' id='word_1_66' title='bbox 292 1603 428 1678; x_wconf 87' lang='lat' dir='ltr'><strong>Praecul</strong></span> <span class='ocrx_word' id='word_1_67' title='bbox 454 1604 549 1678; x_wconf 87' lang='lat' dir='ltr'><strong>Gritti</strong></span> <span class='ocrx_word' id='word_1_68' title='bbox 574 1612 728 1679; x_wconf 81' lang='lat' dir='ltr'><strong>constare</strong></span> <span class='ocrx_word' id='word_1_69' title='bbox 761 1605 894 1680; x_wconf 88' lang='lat' dir='ltr'><strong>iecisset</strong></span> <span class='ocrx_word' id='word_1_70' title='bbox 918 1603 961 1680; x_wconf 86' lang='lat' dir='ltr'><strong>dc</strong></span> <span class='ocrx_word' id='word_1_71' title='bbox 985 1623 1101 1680; x_wconf 87' lang='lat' dir='ltr'><strong>earum</strong></span> <span class='ocrx_word' id='word_1_72' title='bbox 1138 1603 1333 1691; x_wconf 85' lang='lat' dir='ltr'><strong>identitate,</strong></span> <span class='ocrx_word' id='word_1_73' title='bbox 1363 1603 1510 1700; x_wconf 85' lang='lat' dir='ltr'><strong>publicnl</strong></span> 
     </span>
     <span class='ocr_line' id='line_1_12' title="bbox 292 1715 831 1811; baseline 0.006 -22"><span class='ocrx_word' id='word_1_74' title='bbox 292 1715 382 1790; x_wconf 90' lang='lat' dir='ltr'><strong>idem</strong></span> <span class='ocrx_word' id='word_1_75' title='bbox 407 1735 508 1810; x_wconf 86' lang='lat' dir='ltr'><strong>pessa</strong></span> <span class='ocrx_word' id='word_1_76' title='bbox 531 1719 736 1811; x_wconf 87' lang='lat' dir='ltr'><strong>permissum</strong></span> <span class='ocrx_word' id='word_1_77' title='bbox 759 1719 831 1792; x_wconf 87' lang='lat' dir='ltr'><strong>irrit.</strong></span> 
     </span>
    </p>

    <p class='ocr_par' dir='ltr' id='par_1_9' title="bbox 290 1827 1512 2373">
     <span class='ocr_line' id='line_1_13' title="bbox 365 1827 1512 1924; baseline -0.002 -22"><span class='ocrx_word' id='word_1_78' title='bbox 365 1827 438 1902; x_wconf 85' lang='lat' dir='ltr'><strong>Non</strong></span> <span class='ocrx_word' id='word_1_79' title='bbox 464 1828 628 1904; x_wconf 90' lang='lat' dir='ltr'><strong>babentur</strong></span> <span class='ocrx_word' id='word_1_80' title='bbox 644 1831 852 1904; x_wconf 87' lang='lat' dir='ltr'><strong>authenticae</strong></span> <span class='ocrx_word' id='word_1_81' title='bbox 867 1827 1040 1922; x_wconf 83' lang='lat' dir='ltr'><strong>Reliquiae</strong></span> <span class='ocrx_word' id='word_1_82' title='bbox 1065 1847 1208 1921; x_wconf 89' lang='lat' dir='ltr'><strong>qnamm</strong></span> <span class='ocrx_word' id='word_1_83' title='bbox 1231 1829 1436 1924; x_wconf 86' lang='lat' dir='ltr'><strong>subscriptio</strong></span> <span class='ocrx_word' id='word_1_84' title='bbox 1453 1845 1512 1902; x_wconf 91' lang='lat' dir='ltr'><strong>non</strong></span> 
     </span>
     <span class='ocr_line' id='line_1_14' title="bbox 292 1939 1510 2036; baseline -0.001 -24"><span class='ocrx_word' id='word_1_85' title='bbox 292 1957 405 2025; x_wconf 90' lang='lat' dir='ltr'><strong>manu,</strong></span> <span class='ocrx_word' id='word_1_86' title='bbox 430 1940 503 2026; x_wconf 85' lang='lat' dir='ltr'><strong>sed,</strong></span> <span class='ocrx_word' id='word_1_87' title='bbox 529 1941 629 2035; x_wconf 82' lang='lat' dir='ltr'><strong>vulgo</strong></span> <span class='ocrx_word' id='word_1_88' title='bbox 645 1943 736 2016; x_wconf 88' lang='lat' dir='ltr'><strong>collo</strong></span> <span class='ocrx_word' id='word_1_89' title='bbox 755 1942 973 2036; x_wconf 83' lang='lat' dir='ltr'><strong>Stompiplio,</strong></span> <span class='ocrx_word' id='word_1_90' title='bbox 991 1949 1125 2034; x_wconf 88' lang='lat' dir='ltr'><strong>peracta</strong></span> <span class='ocrx_word' id='word_1_91' title='bbox 1141 1948 1203 2027; x_wconf 74' lang='lat' dir='ltr'><strong>est</strong></span> <span class='ocrx_word' id='word_1_92' title='bbox 1220 1942 1269 2016; x_wconf 88' lang='lat' dir='ltr'><strong>ais</strong></span> <span class='ocrx_word' id='word_1_93' title='bbox 1289 1939 1510 2016; x_wconf 85' lang='lat' dir='ltr'><strong>tantummodo</strong></span> 
     </span>
     <span class='ocr_line' id='line_1_15' title="bbox 290 2053 1512 2149; baseline 0 -21"><span class='ocrx_word' id='word_1_94' title='bbox 290 2053 439 2148; x_wconf 83' lang='lat' dir='ltr'><strong>exceptis</strong></span> <span class='ocrx_word' id='word_1_95' title='bbox 463 2055 519 2128; x_wconf 90' lang='lat' dir='ltr'><strong>tali</strong></span> <span class='ocrx_word' id='word_1_96' title='bbox 543 2055 787 2148; x_wconf 80' lang='lat' dir='ltr'><strong>subscriptione</strong></span> <span class='ocrx_word' id='word_1_97' title='bbox 810 2054 952 2128; x_wconf 87' lang='lat' dir='ltr'><strong>firmatis</strong></span> <span class='ocrx_word' id='word_1_98' title='bbox 978 2073 997 2126; x_wconf 91' lang='lat' dir='ltr'><strong>a</strong></span> <span class='ocrx_word' id='word_1_99' title='bbox 1022 2055 1179 2128; x_wconf 89' lang='lat' dir='ltr'><strong>Praesule</strong></span> <span class='ocrx_word' id='word_1_100' title='bbox 1202 2055 1332 2130; x_wconf 89' lang='lat' dir='ltr'><strong>llerani</strong></span> <span class='ocrx_word' id='word_1_101' title='bbox 1357 2056 1512 2149; x_wconf 78' lang='lat' dir='ltr'><strong>Episcopo</strong></span> 
     </span>
     <span class='ocr_line' id='line_1_16' title="bbox 290 2164 1510 2260; baseline -0.001 -21"><span class='ocrx_word' id='word_1_102' title='bbox 290 2166 479 2240; x_wconf 88' lang='lat' dir='ltr'><strong>Pcrtlriensi</strong></span> <span class='ocrx_word' id='word_1_103' title='bbox 505 2167 596 2241; x_wconf 88' lang='lat' dir='ltr'><strong>Sacri</strong></span> <span class='ocrx_word' id='word_1_104' title='bbox 617 2167 730 2240; x_wconf 88' lang='lat' dir='ltr'><strong>Palatii</strong></span> <span class='ocrx_word' id='word_1_105' title='bbox 746 2167 928 2260; x_wconf 68' lang='lat' dir='ltr'><strong>apostolici</strong></span> <span class='ocrx_word' id='word_1_106' title='bbox 943 2166 1086 2240; x_wconf 87' lang='lat' dir='ltr'><strong>Sacriata</strong></span> <span class='ocrx_word' id='word_1_107' title='bbox 1111 2165 1155 2240; x_wconf 91' lang='lat' dir='ltr'><strong>ob</strong></span> <span class='ocrx_word' id='word_1_108' title='bbox 1171 2185 1268 2240; x_wconf 90' lang='lat' dir='ltr'><strong>suam</strong></span> <span class='ocrx_word' id='word_1_109' title='bbox 1284 2164 1510 2242; x_wconf 83' lang='lat' dir='ltr'><strong>subscribendi</strong></span> 
     </span>
     <span class='ocr_line' id='line_1_17' title="bbox 290 2278 529 2373; baseline 0.008 -23"><span class='ocrx_word' id='word_1_110' title='bbox 290 2278 529 2373; x_wconf 85' lang='lat' dir='ltr'><strong>impotentiam.</strong></span> 
     </span>
    </p>

    <p class='ocr_par' dir='ltr' id='par_1_10' title="bbox 288 2391 1515 2824">
     <span class='ocr_line' id='line_1_18' title="bbox 361 2391 1511 2488; baseline -0.003 -22"><span class='ocrx_word' id='word_1_111' title='bbox 361 2391 477 2484; x_wconf 88' lang='lat' dir='ltr'><strong>Neque</strong></span> <span class='ocrx_word' id='word_1_112' title='bbox 502 2391 732 2478; x_wconf 84' lang='lat' dir='ltr'><strong>admittantur,</strong></span> <span class='ocrx_word' id='word_1_113' title='bbox 758 2411 870 2488; x_wconf 90' lang='lat' dir='ltr'><strong>neque</strong></span> <span class='ocrx_word' id='word_1_114' title='bbox 896 2391 943 2467; x_wconf 90' lang='lat' dir='ltr'><strong>uti</strong></span> <span class='ocrx_word' id='word_1_115' title='bbox 969 2392 1178 2466; x_wconf 84' lang='lat' dir='ltr'><strong>authenticae</strong></span> <span class='ocrx_word' id='word_1_116' title='bbox 1207 2399 1435 2486; x_wconf 85' lang='lat' dir='ltr'><strong>agnoscantur</strong></span> <span class='ocrx_word' id='word_1_117' title='bbox 1457 2391 1511 2464; x_wconf 82' lang='lat' dir='ltr'><strong>lle</strong></span> 
     </span>
     <span class='ocr_line' id='line_1_19' title="bbox 288 2502 1513 2597; baseline -0.001 -22"><span class='ocrx_word' id='word_1_118' title='bbox 288 2503 410 2596; x_wconf 89' lang='lat' dir='ltr'><strong>liquiac</strong></span> <span class='ocrx_word' id='word_1_119' title='bbox 434 2504 676 2597; x_wconf 85' lang='lat' dir='ltr'><strong>Episccpcrum</strong></span> <span class='ocrx_word' id='word_1_120' title='bbox 702 2506 736 2577; x_wconf 93' lang='lat' dir='ltr'><strong>in</strong></span> <span class='ocrx_word' id='word_1_121' title='bbox 761 2505 914 2579; x_wconf 88' lang='lat' dir='ltr'><strong>Partibus</strong></span> <span class='ocrx_word' id='word_1_122' title='bbox 939 2522 1007 2577; x_wconf 89' lang='lat' dir='ltr'><strong>non</strong></span> <span class='ocrx_word' id='word_1_123' title='bbox 1033 2502 1256 2578; x_wconf 84' lang='lat' dir='ltr'><strong>cardinalium</strong></span> <span class='ocrx_word' id='word_1_124' title='bbox 1281 2523 1432 2597; x_wconf 89' lang='lat' dir='ltr'><strong>quarum</strong></span> <span class='ocrx_word' id='word_1_125' title='bbox 1448 2503 1513 2576; x_wconf 87' lang='lat' dir='ltr'><strong>sub</strong></span> 
     </span>
     <span class='ocr_line' id='line_1_20' title="bbox 288 2615 1515 2710; baseline -0.002 -22"><span class='ocrx_word' id='word_1_126' title='bbox 288 2617 423 2710; x_wconf 87' lang='lat' dir='ltr'><strong>scriptio</strong></span> <span class='ocrx_word' id='word_1_127' title='bbox 448 2622 500 2692; x_wconf 87' lang='lat' dir='ltr'><strong>est</strong></span> <span class='ocrx_word' id='word_1_128' title='bbox 532 2617 597 2690; x_wconf 88' lang='lat' dir='ltr'><strong>sub</strong></span> <span class='ocrx_word' id='word_1_129' title='bbox 622 2616 737 2691; x_wconf 87' lang='lat' dir='ltr'><strong>datum</strong></span> <span class='ocrx_word' id='word_1_130' title='bbox 761 2623 856 2692; x_wconf 83' lang='lat' dir='ltr'><strong>extra</strong></span> <span class='ocrx_word' id='word_1_131' title='bbox 872 2619 1012 2690; x_wconf 76' lang='lat' dir='ltr'><strong>&#39;Portam</strong></span> <span class='ocrx_word' id='word_1_132' title='bbox 1037 2615 1246 2702; x_wconf 79' lang='lat' dir='ltr'><strong>Flaminiam,</strong></span> <span class='ocrx_word' id='word_1_133' title='bbox 1272 2617 1341 2690; x_wconf 88' lang='lat' dir='ltr'><strong>nisi</strong></span> <span class='ocrx_word' id='word_1_134' title='bbox 1367 2615 1515 2691; x_wconf 89' lang='lat' dir='ltr'><strong>adhunc</strong></span> 
     </span>
     <span class='ocr_line' id='line_1_21' title="bbox 290 2728 1267 2824; baseline 0.001 -23"><span class='ocrx_word' id='word_1_135' title='bbox 290 2729 444 2802; x_wconf 87' lang='lat' dir='ltr'><strong>allectum</strong></span> <span class='ocrx_word' id='word_1_136' title='bbox 469 2729 655 2824; x_wconf 86' lang='lat' dir='ltr'><strong>specialiter</strong></span> <span class='ocrx_word' id='word_1_137' title='bbox 680 2747 700 2801; x_wconf 92' lang='lat' dir='ltr'><strong>a</strong></span> <span class='ocrx_word' id='word_1_138' title='bbox 723 2730 939 2805; x_wconf 80' lang='lat' dir='ltr'><strong>sanctissimo</strong></span> <span class='ocrx_word' id='word_1_139' title='bbox 964 2729 1086 2803; x_wconf 89' lang='lat' dir='ltr'><strong>inerint</strong></span> <span class='ocrx_word' id='word_1_140' title='bbox 1110 2728 1267 2823; x_wconf 82' lang='lat' dir='ltr'><strong>deputati.</strong></span> 
     </span>
    </p>

    <p class='ocr_par' dir='ltr' id='par_1_11' title="bbox 287 2839 1513 3029">
     <span class='ocr_line' id='line_1_22' title="bbox 360 2839 1513 2936; baseline -0.003 -22"><span class='ocrx_word' id='word_1_141' title='bbox 360 2839 485 2914; x_wconf 67' lang='lat' dir='ltr'><strong>muter</strong></span> <span class='ocrx_word' id='word_1_142' title='bbox 516 2841 749 2916; x_wconf 82' lang='lat' dir='ltr'><strong>Excluduntur</strong></span> <span class='ocrx_word' id='word_1_143' title='bbox 771 2841 814 2916; x_wconf 90' lang='lat' dir='ltr'><strong>ab</strong></span> <span class='ocrx_word' id='word_1_144' title='bbox 839 2840 1047 2916; x_wconf 80' lang='lat' dir='ltr'><strong>Autbcnticis</strong></span> <span class='ocrx_word' id='word_1_145' title='bbox 1072 2841 1244 2933; x_wconf 84' lang='lat' dir='ltr'><strong>Reliquiae</strong></span> <span class='ocrx_word' id='word_1_146' title='bbox 1275 2841 1477 2936; x_wconf 85' lang='lat' dir='ltr'><strong>subscriptis</strong></span> <span class='ocrx_word' id='word_1_147' title='bbox 1499 2859 1513 2910; x_wconf 88' lang='lat' dir='ltr'><strong>a</strong></span> 
     </span>
     <span class='ocr_line' id='line_1_23' title="bbox 287 2951 680 3029; baseline 0.005 -3"><span class='ocrx_word' id='word_1_148' title='bbox 287 2951 426 3026; x_wconf 75' lang='lat' dir='ltr'><strong>vicariis</strong></span> <span class='ocrx_word' id='word_1_149' title='bbox 450 2955 680 3029; x_wconf 85' lang='lat' dir='ltr'><strong>Generalibus.</strong></span> 
     </span>
    </p>

    <p class='ocr_par' dir='ltr' id='par_1_12' title="bbox 285 3064 1517 3612">
     <span class='ocr_line' id='line_1_24' title="bbox 359 3064 1514 3143; baseline -0.003 -4"><span class='ocrx_word' id='word_1_150' title='bbox 359 3065 595 3141; x_wconf 80' lang='lat' dir='ltr'><strong>sanctissimus</strong></span> <span class='ocrx_word' id='word_1_151' title='bbox 620 3067 782 3141; x_wconf 86' lang='lat' dir='ltr'><strong>Dominus</strong></span> <span class='ocrx_word' id='word_1_152' title='bbox 807 3067 927 3142; x_wconf 88' lang='lat' dir='ltr'><strong>Noster</strong></span> <span class='ocrx_word' id='word_1_153' title='bbox 952 3064 1030 3138; x_wconf 86' lang='lat' dir='ltr'><strong>Pius</strong></span> <span class='ocrx_word' id='word_1_154' title='bbox 1056 3065 1118 3140; x_wconf 86' lang='lat' dir='ltr'><strong>PP.</strong></span> <span class='ocrx_word' id='word_1_155' title='bbox 1144 3064 1189 3143; x_wconf 83' lang='lat' dir='ltr'><strong>lli</strong></span> <span class='ocrx_word' id='word_1_156' title='bbox 1219 3065 1436 3140; x_wconf 79' lang='lat' dir='ltr'><strong>confirmarit</strong></span> <span class='ocrx_word' id='word_1_157' title='bbox 1459 3067 1514 3136; x_wconf 82' lang='lat' dir='ltr'><strong>lle·</strong></span> 
     </span>
     <span class='ocr_line' id='line_1_25' title="bbox 285 3176 1516 3274; baseline 0 -25"><span class='ocrx_word' id='word_1_158' title='bbox 285 3176 395 3269; x_wconf 82' lang='lat' dir='ltr'><strong>qulam</strong></span> <span class='ocrx_word' id='word_1_159' title='bbox 421 3177 464 3252; x_wconf 88' lang='lat' dir='ltr'><strong>de</strong></span> <span class='ocrx_word' id='word_1_160' title='bbox 488 3198 556 3272; x_wconf 89' lang='lat' dir='ltr'><strong>qua</strong></span> <span class='ocrx_word' id='word_1_161' title='bbox 579 3198 682 3274; x_wconf 85' lang='lat' dir='ltr'><strong>supra</strong></span> <span class='ocrx_word' id='word_1_162' title='bbox 706 3187 769 3254; x_wconf 86' lang='lat' dir='ltr'><strong>etc.</strong></span> <span class='ocrx_word' id='word_1_163' title='bbox 786 3177 830 3253; x_wconf 84' lang='lat' dir='ltr'><strong>(le</strong></span> <span class='ocrx_word' id='word_1_164' title='bbox 850 3177 1039 3252; x_wconf 83' lang='lat' dir='ltr'><strong>reiciendis</strong></span> <span class='ocrx_word' id='word_1_165' title='bbox 1064 3176 1263 3253; x_wconf 87' lang='lat' dir='ltr'><strong>authenticis</strong></span> <span class='ocrx_word' id='word_1_166' title='bbox 1288 3179 1516 3272; x_wconf 82' lang='lat' dir='ltr'><strong>Rcliquimum</strong></span> 
     </span>
     <span class='ocr_line' id='line_1_26' title="bbox 285 3290 1515 3386; baseline -0.003 -23"><span class='ocrx_word' id='word_1_167' title='bbox 285 3290 481 3386; x_wconf 85' lang='lat' dir='ltr'><strong>subscriptis</strong></span> <span class='ocrx_word' id='word_1_168' title='bbox 506 3311 525 3366; x_wconf 91' lang='lat' dir='ltr'><strong>a</strong></span> <span class='ocrx_word' id='word_1_169' title='bbox 550 3291 630 3366; x_wconf 88' lang='lat' dir='ltr'><strong>solis</strong></span> <span class='ocrx_word' id='word_1_170' title='bbox 661 3292 800 3367; x_wconf 80' lang='lat' dir='ltr'><strong>vicarlis</strong></span> <span class='ocrx_word' id='word_1_171' title='bbox 832 3291 1045 3384; x_wconf 81' lang='lat' dir='ltr'><strong>generalibus</strong></span> <span class='ocrx_word' id='word_1_172' title='bbox 1070 3295 1132 3363; x_wconf 89' lang='lat' dir='ltr'><strong>etc.</strong></span> <span class='ocrx_word' id='word_1_173' title='bbox 1165 3295 1200 3363; x_wconf 85' lang='lat' dir='ltr'><strong>ot</strong></span> <span class='ocrx_word' id='word_1_174' title='bbox 1232 3297 1409 3382; x_wconf 85' lang='lat' dir='ltr'><strong>quatenus</strong></span> <span class='ocrx_word' id='word_1_175' title='bbox 1440 3307 1515 3383; x_wconf 89' lang='lat' dir='ltr'><strong>opus</strong></span> 
     </span>
     <span class='ocr_line' id='line_1_27' title="bbox 285 3400 1517 3486; baseline -0.002 -8"><span class='ocrx_word' id='word_1_176' title='bbox 285 3410 375 3478; x_wconf 85' lang='lat' dir='ltr'><strong>essct</strong></span> <span class='ocrx_word' id='word_1_177' title='bbox 399 3402 442 3478; x_wconf 86' lang='lat' dir='ltr'><strong>da</strong></span> <span class='ocrx_word' id='word_1_178' title='bbox 466 3423 554 3479; x_wconf 83' lang='lat' dir='ltr'><strong>noco</strong></span> <span class='ocrx_word' id='word_1_179' title='bbox 580 3403 758 3479; x_wconf 86' lang='lat' dir='ltr'><strong>mandavit.</strong></span> <span class='ocrx_word' id='word_1_180' title='bbox 784 3405 906 3478; x_wconf 86' lang='lat' dir='ltr'><strong>Datum</strong></span> <span class='ocrx_word' id='word_1_181' title='bbox 931 3405 1057 3477; x_wconf 81' lang='lat' dir='ltr'><strong>Romae</strong></span> <span class='ocrx_word' id='word_1_182' title='bbox 1081 3401 1137 3475; x_wconf 86' lang='lat' dir='ltr'><strong>dic</strong></span> <span class='ocrx_word' id='word_1_183' title='bbox 1153 3400 1356 3478; x_wconf 78' lang='lat' dir='ltr'><strong>sementino</strong></span> <span class='ocrx_word' id='word_1_184' title='bbox 1382 3403 1517 3486; x_wconf 72' lang='lat' dir='ltr'><strong>fimetis</strong></span> 
     </span>
     <span class='ocr_line' id='line_1_28' title="bbox 285 3516 799 3612; baseline 0.008 -24"><span class='ocrx_word' id='word_1_185' title='bbox 285 3516 362 3592; x_wconf 84' lang='lat' dir='ltr'><strong>almi</strong></span> <span class='ocrx_word' id='word_1_186' title='bbox 388 3521 433 3589; x_wconf 72' lang='lat' dir='ltr'><strong>aa</strong></span> <span class='ocrx_word' id='word_1_187' title='bbox 460 3517 666 3612; x_wconf 81' lang='lat' dir='ltr'><strong>Septembris</strong></span> <span class='ocrx_word' id='word_1_188' title='bbox 693 3522 799 3592; x_wconf 77' lang='lat' dir='ltr'><strong>lico.</strong></span> 
     </span>
    </p>

    <p class='ocr_par' dir='ltr' id='par_1_13' title="bbox 934 3629 1450 3714">
     <span class='ocr_line' id='line_1_29' title="bbox 934 3629 1450 3714; baseline 0.006 -13"><span class='ocrx_word' id='word_1_189' title='bbox 934 3629 966 3704; x_wconf 80' lang='lat' dir='ltr'><strong>J.</strong></span> <span class='ocrx_word' id='word_1_190' title='bbox 994 3629 1030 3702; x_wconf 80' lang='lat' dir='ltr'><strong>G.</strong></span> <span class='ocrx_word' id='word_1_191' title='bbox 1055 3629 1107 3702; x_wconf 82' lang='lat' dir='ltr'><strong>Dc</strong></span> <span class='ocrx_word' id='word_1_192' title='bbox 1134 3629 1290 3714; x_wconf 70' lang='lat' dir='ltr'><strong>Summae</strong></span> <span class='ocrx_word' id='word_1_193' title='bbox 1317 3631 1450 3706; x_wconf 78' lang='lat' dir='ltr'><strong>secret</strong></span> 
     </span>
    </p>
   </div>
   <div class='ocr_carea' id='block_1_6' title="bbox 771 3824 998 3906">
    <p class='ocr_par' dir='ltr' id='par_1_14' title="bbox 771 3824 998 3906">
     <span class='ocr_line' id='line_1_30' title="bbox 771 3824 998 3906; baseline -0.031 0"><span class='ocrx_word' id='word_1_194' title='bbox 771 3824 998 3906; x_wconf 73' lang='lat' dir='ltr'><strong>ccccxlix.</strong></span> 
     </span>
    </p>
   </div>
   <div class='ocr_carea' id='block_1_7' title="bbox 724 3973 1071 4030">
    <p class='ocr_par' dir='ltr' id='par_1_15' title="bbox 724 3973 1071 4030">
     <span class='ocr_line' id='line_1_31' title="bbox 724 3973 1071 4030; baseline 0.006 -2"><span class='ocrx_word' id='word_1_195' title='bbox 724 3974 844 4030; x_wconf 80' lang='lat' dir='ltr'><strong>uubis</strong></span> <span class='ocrx_word' id='word_1_196' title='bbox 876 3975 918 4030; x_wconf 76' lang='lat' dir='ltr'><strong>ET</strong></span> <span class='ocrx_word' id='word_1_197' title='bbox 951 3973 1071 4030; x_wconf 79' lang='lat' dir='ltr'><strong>caula</strong></span> 
     </span>
    </p>
   </div>
   <div class='ocr_carea' id='block_1_8' title="bbox 283 4078 1519 4406">
    <p class='ocr_par' dir='ltr' id='par_1_16' title="bbox 283 4078 1519 4406">
     <span class='ocr_line' id='line_1_32' title="bbox 360 4078 1517 4173; baseline 0.004 -23"><span class='ocrx_word' id='word_1_198' title='bbox 360 4080 421 4151; x_wconf 68' lang='lat' dir='ltr'><strong>pm</strong></span> <span class='ocrx_word' id='word_1_199' title='bbox 445 4078 694 4170; x_wconf 68' lang='lat' dir='ltr'><strong>inbcclcaiet</strong></span> <span class='ocrx_word' id='word_1_200' title='bbox 720 4080 953 4164; x_wconf 76' lang='lat' dir='ltr'><strong>cattedrale,</strong></span> <span class='ocrx_word' id='word_1_201' title='bbox 980 4099 1070 4173; x_wconf 81' lang='lat' dir='ltr'><strong>quoa</strong></span> <span class='ocrx_word' id='word_1_202' title='bbox 1094 4081 1196 4156; x_wconf 69' lang='lat' dir='ltr'><strong>mccl</strong></span> <span class='ocrx_word' id='word_1_203' title='bbox 1220 4086 1299 4156; x_wconf 81' lang='lat' dir='ltr'><strong>suat</strong></span> <span class='ocrx_word' id='word_1_204' title='bbox 1323 4081 1517 4164; x_wconf 77' lang='lat' dir='ltr'><strong>Pnrnclio·</strong></span> 
     </span>
     <span class='ocr_line' id='line_1_33' title="bbox 283 4191 1519 4291; baseline 0.001 -26"><span class='ocrx_word' id='word_1_205' title='bbox 283 4191 331 4266; x_wconf 80' lang='lat' dir='ltr'><strong>lca</strong></span> <span class='ocrx_word' id='word_1_206' title='bbox 355 4209 374 4266; x_wconf 90' lang='lat' dir='ltr'><strong>a</strong></span> <span class='ocrx_word' id='word_1_207' title='bbox 398 4193 584 4288; x_wconf 59' lang='lat' dir='ltr'><strong>maritatas</strong></span> <span class='ocrx_word' id='word_1_208' title='bbox 608 4193 761 4278; x_wconf 71' lang='lat' dir='ltr'><strong>canaba,</strong></span> <span class='ocrx_word' id='word_1_209' title='bbox 780 4196 839 4286; x_wconf 75' lang='lat' dir='ltr'><strong>ico</strong></span> <span class='ocrx_word' id='word_1_210' title='bbox 864 4194 1016 4271; x_wconf 83' lang='lat' dir='ltr'><strong>babeant</strong></span> <span class='ocrx_word' id='word_1_211' title='bbox 1040 4195 1091 4270; x_wconf 83' lang='lat' dir='ltr'><strong>ecl</strong></span> <span class='ocrx_word' id='word_1_212' title='bbox 1106 4194 1234 4291; x_wconf 80' lang='lat' dir='ltr'><strong>captae</strong></span> <span class='ocrx_word' id='word_1_213' title='bbox 1258 4196 1389 4273; x_wconf 78' lang='lat' dir='ltr'><strong>litora</strong></span> <span class='ocrx_word' id='word_1_214' title='bbox 1415 4194 1519 4270; x_wconf 75' lang='lat' dir='ltr'><strong>Praei</strong></span> 
     </span>
     <span class='ocr_line' id='line_1_34' title="bbox 283 4303 925 4406; baseline 0.006 -30"><span class='ocrx_word' id='word_1_215' title='bbox 283 4303 477 4395; x_wconf 81' lang='lat' dir='ltr'><strong>loptotomt</strong></span> <span class='ocrx_word' id='word_1_216' title='bbox 501 4309 534 4382; x_wconf 86' lang='lat' dir='ltr'><strong>ot</strong></span> <span class='ocrx_word' id='word_1_217' title='bbox 559 4311 724 4406; x_wconf 78' lang='lat' dir='ltr'><strong>paeleum</strong></span> <span class='ocrx_word' id='word_1_218' title='bbox 748 4307 925 4402; x_wconf 84' lang='lat' dir='ltr'><strong>Napolioe.</strong></span> 
     </span>
    </p>
   </div>
   <div class='ocr_carea' id='block_1_9' title="bbox 0 0 1570 4920">
    <p class='ocr_par' dir='ltr' id='par_1_17' title="bbox 0 0 1570 4920">
     <span class='ocr_line' id='line_1_35' title="bbox 0 0 1570 4920; baseline 0 2"><span class='ocrx_word' id='word_1_219' title='bbox 0 0 1570 4920; x_wconf 95' lang='lat' dir='ltr'><strong> </strong></span> 
     </span>
    </p>
   </div>
  </div>
 </body>
</html>
