3120 4924
759 323 978 394 -dll-

248 463 412 548 oerdotes,
438 461 510 536 siue
534 461 739 548 Saeculares,
765 463 838 538 siue
862 461 1043 554 Regulares
1067 474 1129 552 pro
1154 455 1304 551 ipsomm
1330 453 1474 548 quolibet

249 596 269 651 e
294 579 361 651 vita
386 576 547 651 deseden.
572 583 641 651 tres
665 577 785 651 Missas
801 575 970 650 celebrare
987 573 1142 647 debeant.
1163 568 1401 643 sanctissimus
1415 569 1474 640 llo

247 691 360 764 minus
392 691 512 765 Noster
543 690 698 766 Clemens
731 689 793 763 PP.
825 689 901 761 lllil
934 683 1117 761 dnmmodo
1149 683 1193 758 de
1225 689 1353 756 asserto
1378 698 1474 755 onere

248 816 362 876 eorum
386 801 562 878 ordinario
587 803 771 876 eonstiterit
794 802 976 875 elementer
991 798 1139 883 indulsit,
1154 802 1194 870 ul
1208 795 1397 889 praediatus
1411 800 1475 868 tras

246 913 379 1012 ldissae,
406 933 580 1015 quaepro
605 915 782 988 animabus
807 915 959 1008 ipsorum
984 910 1269 1005 Presbyteromm,
1300 926 1389 1001 quae
1410 908 1475 980 buo

247 1027 284 1100 in
309 1028 471 1104 unanime
496 1026 693 1120 eoniumtao
721 1028 765 1100 ab
797 1029 862 1100 bae
885 1027 961 1101 iuoa
990 1024 1206 1118 migraverint
1237 1019 1279 1095 ad
1313 1019 1477 1113 quodlibet

248 1139 361 1214 ditare
386 1143 629 1233 sujusoumque
653 1140 823 1216 Emissiae
854 1137 1127 1222 celebrabuntur,
1160 1135 1338 1209 animabus
1365 1132 1475 1225 bajus·

247 1252 342 1326 modi
365 1271 428 1346 pro
454 1253 579 1346 quibus
604 1253 790 1326 celebratae
814 1252 937 1326 luerint
968 1251 1107 1346 perinde
1138 1249 1375 1341 subrogentur.
1390 1261 1429 1318 ae
1450 1243 1476 1318 si

249 1363 293 1437 ad
318 1365 430 1442 altare
454 1365 698 1460 privilegiatum
723 1366 909 1440 oelebratae
933 1364 1085 1439 luissent.
1110 1363 1185 1438 Non
1213 1358 1422 1436 obstantibus
1444 1356 1475 1430 in

248 1480 452 1556 eontrarium
477 1477 674 1553 iacientibus
707 1479 988 1571 quibuscumque.
1014 1475 1183 1552 Praesenti
1215 1472 1250 1548 iu
1282 1477 1476 1566 perpetuum

247 1587 400 1664 valituro.
426 1590 608 1682 volantque
632 1591 795 1664 Sanctitas
821 1591 889 1664 Sue
905 1591 994 1662 bane
1009 1588 1146 1682 gratim
1164 1584 1340 1678 suflragari
1357 1583 1477 1673 absum

245 1691 313 1774 ulla
338 1701 454 1775 breuis
479 1701 705 1795 expeditione.
732 1703 854 1775 Datum
879 1705 1006 1775 Romae
1030 1719 1074 1775 ex
1100 1697 1284 1776 secretaria
1305 1698 1379 1772 Sao.
1396 1695 1474 1770 con·

249 1815 452 1907 {erogationis
477 1811 608 1908 indulg.
633 1815 688 1889 die
716 1819 761 1887 lli
786 1815 862 1889 tulii
890 1819 995 1887 lton

848 1925 887 2000 N.
914 1927 1018 1999 cmo
1044 1924 1262 2000 Anronmnus
1287 1921 1408 1998 emm.

962 2041 995 2112 S.
1023 2039 1156 2132 Borpt'o
1182 2039 1306 2114 &oret

755 2234 969 2312 cebxxvtl.

729 2382 823 2438 nnnls
848 2383 892 2436 ET
916 2377 1009 2436 onbls

247 2480 405 2560 dum
431 2485 510 2558 alias
536 2486 614 2564 Sao.
641 2487 705 2562 lle.
731 2487 931 2562 Benedictus
956 2488 1033 2561 Xlll
1058 2487 1101 2560 ad
1130 2487 1326 2580 trequentes
1349 2483 1473 2579 bpbro

243 2611 367 2691 porum
394 2591 587 2673 Pontideiae
611 2600 751 2676 [litionis
777 2600 953 2694 quaerelas
977 2600 1185 2692 gravionibus
1217 2600 1397 2684 abusibus,
1420 2591 1472 2688 qul

248 2711 504 2820 Bacchanalium
529 2719 681 2807 tompore
704 2715 917 2808 irrepserant,
935 2719 1124 2806 opportuno
1139 2712 1291 2788 remedio
1308 2725 1473 2788 ooemresa

244 2822 505 2916 oouuupiroriut,
532 2827 811 2920 perspexeritque
826 2827 862 2898 in
879 2827 1046 2917 aliquibus
1062 2826 1220 2900 Eoolesiis
1240 2825 1376 2900 salutari
1400 2839 1471 2896 oon·

244 2935 318 3006 silio
342 2935 528 3042 institutam
555 2957 631 3012 esse
656 2939 864 3013 sanctissimi
888 2939 1119 3012 Eucharistiae
1140 2939 1347 3012 sacramenti
1371 2935 1472 3028 nmo

243 3045 399 3156 sitionem
425 3055 580 3156 portros
605 3050 678 3125 dies
698 3039 777 3125 ¹siue
792 3052 827 3124 iu
844 3049 1061 3124 Hebdomada
1093 3051 1384 3144 septuagesimae,
1408 3047 1471 3120 sire

242 3147 284 3230 in
303 3159 405 3232 altera
430 3151 680 3256 sexagesimae,
708 3171 765 3237 aut
789 3165 1093 3256 Quinquagesimae
1110 3170 1187 3237 ante
1204 3163 1295 3236 diem
1312 3162 1470 3240 cinemm

243 3270 287 3342 ad
311 3272 376 3346 boo
401 3277 592 3369 praecipue,
618 3297 662 3350 ne
687 3276 818 3356 Fideles
843 3283 995 3370 tempore
1019 3276 1245 3349 tentationisa
1270 3276 1325 3347 via
1349 3269 1470 3346 Domini

202 3437 206 3448 .
241 3383 458 3471 recederent,
485 3388 552 3460 et
543 3408 578 3461 ιιι
610 3390 789 3502 praediolis
809 3368 971 3463 Ecclesiis
996 3389 1052 3482 pie
1077 3395 1210 3461 orantes
1234 3385 1386 3461 Divina
1377 3401 1470 3478 rmpe

240 3502 367 3569 tranent
392 3497 533 3585 auxilia,
559 3497 726 3576 universis
759 3503 937 3594 utriusque
969 3519 1072 3574 sexus
1097 3499 1376 3573 cbristibdebbus
1399 3513 1469 3568 oon-

239 3605 349 3694 lessls,
376 3613 411 3682 et
436 3595 538 3684 Sacro
564 3613 811 3689 dommunione
837 3616 979 3700 relectis,
1006 3615 1065 3706 qui
1090 3612 1227 3686 easdem
1242 3611 1417 3692 bmlestas,
1441 3606 1470 3677 ln

240 3719 365 3812 quibus
390 3721 600 3800 Venerabilis
627 3729 803 3820 Exposltlo
827 3727 959 3802 sivein
984 3745 1063 3811 uuo,
1085 3727 1158 3798 siva
1173 3726 1209 3797 in
1225 3723 1368 3816 singuiis
1383 3735 1468 3816 prae

240 3827 337 3905 dietis
362 3833 494 3910 'liiduis
518 3835 632 3923 lieret,
659 3840 780 3914 devote
805 3841 994 3926 visitarent,
1024 3835 1267 3930 indulgentiam
1293 3833 1468 3910 Plenaritm

239 3941 498 4022 misertmrditer
523 3951 691 4024 eonoessit
716 3958 750 4026 el
775 3953 929 4044 indulsit3
954 3952 1040 4025 ilino
1061 3949 1300 4024 sanctissimus
1315 3945 1468 4020 Dominus

237 4051 357 4132 Noster
382 4059 538 4134 Clemens
564 4063 682 4138 Dium
709 4065 921 4140 Prouidentia
945 4065 1007 4138 PP.
1034 4065 1110 4138 Xlll
1142 4061 1261 4138 sedulo
1289 4060 1468 4154 recogitem

235 4169 419 4258 praelatam
436 4171 676 4265 Angustissimi
694 4178 901 4254 sacramenti
917 4177 1170 4271 Expositionem
1186 4173 1369 4271 plurimum
1384 4171 1468 4244 bisne

236 4275 357 4358 debus
381 4283 559 4381 proluisse,
586 4307 624 4364 ao
650 4289 811 4386 deiuoops
837 4291 909 4368 lore
932 4290 1151 4386 prolutmam
1178 4287 1333 4365 eamdem
1358 4285 1465 4363 Plem-
