3254 4914
310 323 356 392 tu

607 451 635 518 A
654 453 774 518 summo
793 453 933 538 Pontifiu
953 455 1096 539 Grepnio
1115 456 1186 520 rur

413 572 618 656 indulpcntt'ne
637 574 794 640 Pieourn'ce
813 574 999 657 applicabitur
1019 593 1132 657 puoprrc
1151 577 1185 640 r'rt
1204 575 1379 662 euprepium

712 669 845 752 tideliora
865 669 1080 754 οοίοοοοοοοοο.

356 841 400 910 i.⁰
424 841 614 928 indulgentia
636 838 773 916 Pieoar'ia
794 845 827 914 io
847 845 1059 914 festivitatibus
1081 843 1307 930 conceptionis,
1333 847 1502 921 Natiuitatis,

275 936 537 1020 Praesenbtionis,
556 939 791 1022 Purificationis,
805 937 1067 1022 Annunciationis,
1080 939 1277 1023 visitationis,
1291 946 1321 1008 et
1335 941 1505 1023 inruptio

276 1031 324 1098 nls
343 1029 377 1097 B.
397 1031 437 1097 bi.
459 1031 494 1096 V.
517 1036 549 1098 et
567 1033 600 1098 ln
623 1033 698 1104 resto
712 1033 841 1100 Titulari
862 1039 897 1104 ui
917 1049 1018 1124 supra,
1038 1039 1069 1100 et
1090 1035 1121 1100 iu
1142 1031 1227 1104 tesrb
1248 1035 1279 1102 S.
1299 1035 1449 1104 Michaelis
1461 1035 1506 1101 Ar·

276 1121 416 1206 changeii
436 1129 467 1192 et
486 1125 644 1192 'transitus
664 1131 695 1193 et
714 1123 877 1194 Patrocinil
898 1127 929 1195 S.
951 1127 1072 1210 tosapb.

816 1332 982 1430 ocupa

357 1508 401 1573 i.⁰
422 1506 533 1574 Omnes
553 1515 584 1574 et
603 1509 743 1590 singulae
763 1509 870 1574 bissae
890 1507 1089 1574 neiobranrbo
1108 1511 1291 1592 generaliter
1310 1515 1342 1575 et
1362 1528 1424 1576 nno
1442 1527 1509 1576 cona

276 1602 384 1684 plexu,
404 1603 451 1668 rel
473 1603 693 1685 particulariter
720 1620 776 1685 pro
805 1605 965 1669 animabus
991 1604 1184 1670 contratrum
1204 1612 1235 1670 et
1258 1606 1460 1672 consororum
1478 1606 1510 1669 de

276 1696 427 1762 Ecclesiae
448 1697 589 1762 thesauro
602 1702 693 1763 erunt
707 1697 913 1780 privilegiatae
926 1699 1052 1784 perinde
1066 1715 1100 1764 ru
1120 1699 1146 1764 si
1167 1701 1199 1764 in
1220 1699 1314 1766 Alteri
1331 1696 1509 1785 privilegiato

277 1791 446 1858 celebratae
466 1792 603 1858 inissent

358 1887 403 1949 2⁰
424 1887 610 1968 presbyteris
623 1889 784 1970 adscriptis
798 1887 955 1953 indultum
975 1889 1087 1953 littaris
1106 1889 1288 1972 privilegiati
1310 1855 1510 1972 persenilirio

277 1983 393 2061 septem
413 1981 625 2048 festivitatibus
645 1983 678 2047 B.
700 1981 739 2048 ii.
760 1983 795 2047 V.
817 1997 852 2047 no
872 1983 904 2046 in
925 1983 1001 2047 testo
1020 1981 1147 2048 'titulari
1169 1990 1203 2048 nt
1223 1999 1325 2066 supra.

356 2105 430 2182 Sne.
457 2105 675 2204 congregatio
707 2107 923 2202 indulgentiis
949 2107 1126 2203 Sacrisque
1150 2107 1311 2204 Reliquiis
1337 2107 1514 2206 praeposita

283 2237 400 2292 omnes
417 2225 450 2294 et
466 2219 613 2312 singulas
631 2220 872 2295 concessiones
889 2221 923 2293 in
940 2221 1107 2314 praesenti
1132 2221 1321 2298 summario
1344 2221 1513 2300 recensitas

274 2338 308 2408 et
332 2333 502 2426 perpetuis
525 2332 646 2408 iuturis
671 2334 831 2427 temporis
855 2333 1012 2408 valiturus
1037 2334 1085 2408 uti
1110 2333 1318 2410 authenticas
1353 2334 1514 2410 habendas

275 2461 350 2517 osse
367 2439 523 2518 decrerit.
541 2446 661 2518 butum
686 2445 812 2520 Romae
828 2463 871 2519 er
888 2445 1072 2520 secretaria
1089 2445 1163 2518 Sao.
1180 2444 1454 2540 congregationis
1468 2446 1513 2518 in·

231 2599 232 2602 κ
275 2553 519 2654 brigantinum
544 2555 599 2632 die
625 2561 670 2630 2³
697 2556 818 2654 Aprilis
848 2559 952 2631 1833.

917 2670 958 2744 Α.
986 2667 1090 2747 Cano.
1116 2669 1249 2748 Faesus
1273 2671 1397 2748 Pnasu

681 2883 685 2894 .
793 2781 834 2858 L.
858 2779 1138 2882 archiepiscopus
1162 2781 1381 2862 Alienorum
1407 2781 1518 2862 Seuel

840 2991 960 3065 XXVI.

280 3178 444 3244 snum
462 3197 482 3243 ο
500 3178 601 3263 {omre
614 3179 662 3246 riri
676 3180 727 3244 Pio
748 3180 867 3245 istituto
879 3179 952 3246 cato
967 3177 1107 3264 Retipinse
1119 3187 1195 3245 rotto
1214 3181 1237 3246 it
1258 3181 1342 3247 tituto
1362 3176 1512 3247 «οὓοοοο

359 3287 454 3354 iesu·
471 3288 607 3354 rirouto
621 3287 792 3370 puniunpatt
810 3287 993 3354 οοοοοοοίοοο
1009 3287 1193 3370 precedente.

364 3476 410 3539 i.⁰
431 3476 615 3559 indulgence
636 3477 772 3542 Plenarie
794 3477 972 3560 applicabiio
987 3494 1040 3561 per
1054 3477 1144 3544 modo
1165 3477 1197 3544 di
1217 3475 1365 3560 subrupto
1385 3475 1444 3544 alle
1457 3472 1516 3540 nni·

283 3585 333 3638 rue
352 3577 439 3638 sante
458 3572 512 3638 dei.
529 3573 706 3653 purgatorio
733 3571 811 3638 neila
840 3574 914 3639 iusta
943 3573 1063 3642 titoinre
1084 3573 1133 3642 dcl
1155 3571 1185 3638 S.
1206 3571 1305 3640 Guoro
1326 3572 1359 3640 ui
1382 3569 1461 3638 cun
1483 3565 1517 3630 ed

283 3666 314 3730 in
336 3665 437 3746 quella
458 3666 489 3731 di
512 3665 542 3732 S.
565 3665 713 3747 Longino,
734 3683 885 3749 premessa
906 3669 935 3732 la
959 3667 1152 3732 confessione
1172 3683 1189 3732 e
1210 3666 1439 3744 Communiono,
1465 3678 1517 3728 ooo

283 3760 341 3828 obe
362 3760 391 3826 ta
413 3761 498 3828 virita
520 3761 599 3828 natta
620 3761 728 3830 Gbiesa
748 3779 768 3827 o
788 3761 929 3846 cappoita
951 3763 1029 3828 detio
1048 3763 1206 3843 respettire
1227 3777 1295 3830 rare
1316 3761 1456 3843 reiigione
1470 3769 1517 3821 ore

283 3855 472 3946 οοΙοῑοοοοοο
492 3855 787 3938 coli'npprovraloue
807 3857 1055 3924 deli'ordinurio.

365 3951 410 4016 ΞΡ
431 3951 464 4020 b’
473 3951 657 4034 indulgence
684 3968 811 4020 οοοοοοο
832 3953 891 4020 aliu
912 3953 998 4018 sinite
1026 3951 1104 4018 uarro
1124 3955 1201 4018 settu
1227 3949 1335 4018 cotue
1359 3949 1401 4018 dr
1422 3957 1518 4017 nonu

282 4045 380 4126 uului
408 4047 468 4114 due
495 4047 574 4114 ruite
595 4046 719 4126 i’nono,
739 4048 805 4114 cini
825 4047 906 4114 neila
935 4047 1120 4127 onerosiora,
1140 4063 1159 4112 e
1179 4045 1408 4124 nett’trrouto,
1431 4044 1461 4110 in
1480 4053 1517 4106 οο

285 4139 395 4220 pinrno
415 4139 454 4210 rui
474 4139 600 4210 arbitrio
614 4140 646 4208 ni
660 4141 813 4222 oiruuno,
834 4141 984 4208 visitando
998 4147 1076 4210 aene
1090 4141 1185 4210 litari
1205 4140 1284 4208 della
1305 4134 1519 4238 cbtesaocrp

286 4233 375 4324 pella,
395 4250 414 4306 ο
434 4234 483 4308 nel
504 4251 575 4308 curo
594 4235 653 4308 ebo
672 4235 793 4308 utnobi
814 4241 922 4318 nauto
936 4251 1076 4316 numero,
1096 4235 1173 4304 uitro
1191 4233 1376 4318 Coppeltette
1388 4251 1408 4302 o
1420 4225 1518 4314 ptuotr
