3346 4924
700 341 917 409 -587-

192 482 244 554 ita
269 484 307 552 ut
332 477 558 570 acquirantur
584 481 656 550 tunc
680 477 919 570 lndulponliae
944 477 1104 551 aduenae
1128 477 1324 552 recitationi
1349 495 1433 572 puo-

193 587 349 665 tidianoe
365 591 465 662 unios
482 587 648 672 Coronae,
663 587 848 662 dummodo
875 591 969 662 intra
995 588 1064 663 diei
1088 590 1239 683 spatium
1265 587 1341 664 licet
1365 604 1435 664 nan

192 718 263 776 uno
288 705 414 784 tractu,
432 701 492 774 sed
508 699 649 775 diuersis
676 701 881 795 temporibus
905 703 1091 776 recitentur
1117 698 1264 794 pelopea
1289 695 1437 776 denario

192 827 271 888 cum
295 813 520 906 ladutpentiis
545 814 703 906 specialis
721 813 924 888 sodalitatis
951 815 1164 889 sanctissimi
1175 816 1313 889 llosorii
1338 815 1435 890 dum·

190 925 295 1000 moda
319 927 415 1000 iutra
442 925 696 1000 bebdomadom
723 925 914 1018 qaindecim
941 925 1089 1001 maaria
1105 928 1290 1001 recitentur
1306 924 1385 1003 llcot
1399 929 1437 1002 in

189 1037 306 1132 piures
344 1055 450 1129 quam
484 1041 552 1111 tras
585 1041 705 1131 partes
743 1035 966 1112 dividantur?
990 1039 1056 1112 «Et
1081 1045 1247 1132 qnannus
1272 1039 1435 1133 negative

189 1150 241 1222 2⁰
266 1151 321 1224 Aa
345 1148 610 1244 supplicandum
638 1149 682 1224 sit
709 1151 928 1224 sanctissima
957 1169 1024 1244 pro
1057 1151 1320 1226 conmssionel»
1344 1149 1435 1226 Emi·

189 1263 377 1335 nantissimi
403 1263 517 1335 Patres
543 1261 578 1334 in
603 1261 752 1336 Camillis
777 1263 989 1355 generalibus
1014 1262 1080 1337 diei
1107 1267 1150 1335 ll
1164 1263 1323 1338 Decemb.
1341 1263 1433 1336 l8b7

188 1373 224 1446 in
249 1373 372 1448 Palatio
397 1373 587 1468 apostolico
617 1373 776 1447 Vaticano
808 1375 947 1459 habitis,
977 1373 1089 1448 audito
1114 1375 1320 1450 consultoris
1345 1381 1434 1464 roto,

187 1485 435 1579 responderunt
459 1487 536 1560 «Ad
549 1486 706 1580 primum.
734 1483 787 1560 Ad
812 1491 994 1580 utrumque
1007 1485 1169 1581 negative,
1184 1483 1334 1582 exceptis
1347 1487 1434 1564 Con·

186 1597 344 1673 tratribus
369 1596 462 1692 quod
487 1601 602 1674 attinet
629 1597 671 1672 ad
696 1595 922 1692 indulgentias
946 1599 1029 1693 ipsis
1061 1616 1238 1674 macessas
1263 1610 1325 1694 pro
1350 1601 1433 1674 reoi-

186 1709 312 1785 tatione
335 1711 455 1804 integri
479 1711 609 1785 Rosarli
633 1712 720 1786 intra
745 1711 1028 1786 hebdomadam.»
1051 1710 1104 1786 Ab
1129 1709 1316 1787 secundnm
1342 1713 1434 1808 ‹lpsi

186 1821 450 1897 liminenlissimi
475 1824 590 1898 Panes
614 1841 682 1897 non
708 1823 918 1899 obstantibus
944 1825 1127 1900 rationibus
1152 1826 1189 1930 Ρ.
1214 1815 1432 1912 consultoris,

187 1937 221 2010 et
245 1935 491 2034 molitionibus
517 1934 560 2010 ab
585 1953 626 2010 eo
651 1933 830 2031 propositis
855 1937 921 2011 sub
945 1937 1070 2030 quibos
1098 1937 1220 2030 gratiae
1245 1937 1433 2032 impetratio

186 2065 206 2120 a
231 2047 449 2122 sanctissimo
473 2048 632 2142 postulari
657 2053 782 2142 posset,
810 2063 931 2140 nempe
956 2049 1099 2123 tollerari
1125 2050 1241 2123 saltem
1268 2066 1379 2144 passe,
1396 2057 1433 2124 ut

185 2157 303 2233 fideles
328 2161 362 2233 in
388 2162 516 2254 privato
540 2166 669 2234 tantum
695 2159 751 2253 pio
777 2159 934 2232 exercitio
958 2155 1040 2234 Viae
1066 2160 1193 2246 Crucis,
1214 2179 1278 2235 neo
1302 2179 1370 2235 non
1396 2161 1432 2235 in

185 2269 314 2363 privata
338 2271 530 2346 ructatione
554 2272 671 2345 tertiae
695 2265 799 2364 partis
813 2271 1019 2342 sanctissimi
1032 2271 1159 2344 Rasarii
1185 2271 1258 2345 sine
1284 2271 1433 2346 amissio·

183 2399 230 2456 ne
254 2383 537 2475 indulgentiarum
567 2383 695 2456 eisdem
721 2383 784 2475 piis
810 2382 968 2474 operibus
1006 2398 1243 2456 concessarum
1281 2383 1431 2460 dividere

184 2491 316 2586 possint
341 2495 375 2566 in
400 2511 480 2568 casn
506 2501 634 2568 tantum
659 2493 825 2586 legitimae
857 2509 978 2566 causae
1003 2491 1168 2568 stationes
1193 2493 1275 2568 Viae
1300 2495 1428 2582 Crucis,

185 2609 219 2679 et
243 2603 468 2691 denudasse
492 2607 593 2697 volgo
617 2607 717 2678 Poste
742 2605 947 2678 sanctissimi
964 2605 1102 2690 llosarii,
1118 2603 1302 2680 dummodo
1328 2605 1431 2681 adlm-

184 2717 299 2810 pleaot
323 2718 435 2791 omnia
459 2718 544 2790 intra
569 2716 634 2790 diei
660 2717 760 2789 nnius
785 2719 940 2810 spatium,
962 2737 1026 2791 nec
1051 2729 1118 2791 non
1144 2723 1292 2792 caeteras
1318 2717 1431 2793 candi·

184 2831 293 2903 tlonee
317 2829 494 2920 injunctas,
508 2829 753 2923 responderunt
777 2829 875 2902 «Non
903 2830 1094 2923 expedire.»
1119 2831 1235 2923 ltaque
1260 2829 1344 2905 iacta
1370 2851 1430 2926 per

184 2959 242 3014 me
266 2941 496 3035 subscriptum
514 2941 588 3014 Sao.
607 2941 880 3033 congregationis
899 2941 1121 3015 secretariam
1139 2942 1353 3017 sanctissimo
1369 2943 1434 3018 Do·

183 3051 278 3127 mina
301 3053 421 3130 Nostro
439 3053 497 3126 Pio
514 3055 601 3146 Papa
619 3053 665 3126 lx
686 3050 729 3125 de
753 3053 806 3125 his
831 3053 988 3127 omnibus
1012 3051 1103 3126 fldell
1127 3053 1287 3128 relatione
1312 3055 1345 3127 ln
1363 3055 1430 3130 Au-

183 3163 307 3239 dientia
333 3165 398 3239 diei
425 3169 470 3236 22
495 3164 640 3238 tannarii
660 3165 754 3236 libbi
779 3163 941 3237 Sanctitas
967 3163 1034 3237 Sua
1050 3163 1282 3238 Resolntionos
1307 3165 1428 3240 Sacrae

183 3276 458 3370 congregationis
482 3275 701 3350 confirmarit.
726 3277 848 3350 Datum
872 3277 1167 3351 Romanensem.
1185 3275 1423 3369 ejusdensac.

182 3389 454 3484 congregationis
477 3387 772 3483 indulgentiarum.

785 3507 788 3514 ’
851 3500 888 3574 F.
915 3499 1217 3585 Cane.lisoom1as
1244 3499 1365 3574 Pales.

919 3612 959 3685 d.
989 3609 1149 3687 Columbo
1176 3613 1299 3687 moret.

699 3799 916 3882 natxxml.

662 3951 755 4006 URBIS
780 3949 822 4004 ET
846 3949 940 4006 aneis

258 4057 370 4144 Quum
397 4073 499 4150 saepe
525 4071 569 4130 ex
594 4055 745 4149 pluribus
772 4055 870 4130 Orbis
886 4055 1035 4149 partibus
1053 4051 1098 4126 ad
1110 4053 1198 4126 hano
1213 4051 1286 4128 Sao.
1310 4053 1422 4130 Indul-

185 4167 373 4262 gentlarum
399 4167 644 4261 sacramusque
669 4169 896 4260 Reliquiarum
918 4165 1214 4260 congregationem
1232 4162 1424 4242 deterantur

186 4279 290 4356 dubia
316 4282 403 4354 circa
428 4281 635 4356 conditiones
661 4277 890 4374 adimplendas
914 4297 977 4372 pro
1007 4277 1222 4372 acquisitione
1252 4277 1426 4355 Planasiae
