3120 4924
765 315 983 381 -240-

792 503 946 578 cclxx.

388 701 391 707 ,
434 666 561 722 eronus
585 665 815 720 cruomconuu
840 665 1051 718 amoenorum
1076 666 1104 718 s.
1131 665 1302 720 ruuusrnu

326 789 413 866 Cum
438 788 517 862 alias
542 787 597 862 iel.
622 805 689 860 ree.
715 785 915 860 Benedictus
940 787 1002 859 ΡΡ.
1029 787 1105 860 mv
1130 788 1334 861 concesserit
1357 791 1500 882 privile

250 905 346 997 glun
369 900 603 994 quotidianum
628 898 731 972 Alteri
756 897 821 970 sub
846 897 1054 972 invocatione
1079 900 1114 971 S.
1140 900 1257 973 tibaldi
1283 907 1407 987 erecto,
1428 921 1503 980 seu

251 1013 413 1108 erigendo
437 1015 474 1088 ln
499 1012 656 1086 omnibus
682 1018 715 1084 et
739 1011 879 1102 siugulis
903 1011 1059 1084 Ecclesiis
1084 1011 1217 1086 Ordinis
1242 1013 1502 1091 cauomcorum

251 1127 468 1222 llepulurium
493 1126 528 1198 S.
553 1123 733 1216 Augustini
757 1123 1031 1214 congregationis
1056 1125 1303 1212 lateranensis
1329 1145 1396 1201 uec
1420 1149 1503 1204 nou

252 1240 448 1320 llouiatum
474 1238 608 1312 Ordinis
633 1245 667 1311 et
690 1236 963 1328 congregationis
980 1237 1172 1329 hujusmodl
1196 1239 1261 1312 sub
1277 1241 1447 1332 gubernio
1463 1251 1504 1318 et

252 1353 482 1448 iurisdictione
508 1351 753 1426 canonicorum
777 1349 989 1440 Regularium
1012 1350 1236 1442 prestaturum
1253 1354 1502 1448 existentium

256 1479 434 1560 unumque
463 1463 564 1538 morlo
594 1471 805 1555 compertum
822 1463 865 1536 sit
881 1463 915 1534 in
932 1463 1136 1553 quibusdam
1162 1465 1408 1556 praedictarum
1426 1469 1505 1545 blo-

252 1579 393 1654 uialium
419 1577 576 1652 Ecclesiis
602 1575 788 1668 praelatum
813 1577 847 1646 S.
874 1573 991 1670 Ubaldi
1016 1576 1127 1650 Allare
1153 1595 1222 1650 non
1246 1579 1404 1665 existere,
1432 1600 1505 1658 seu

254 1711 333 1766 nou·
349 1693 384 1764 in
409 1691 477 1764 Ara
494 1691 619 1782 ¹majori
644 1690 813 1762 Ecclesiae
830 1687 988 1780 praedicti
1013 1689 1125 1762 Sancti
1151 1691 1285 1764 Sacram
1306 1693 1504 1786 lmaginem

255 1804 449 1878 collocatam
475 1821 563 1886 esse,
590 1803 625 1874 in
651 1821 718 1894 quo
743 1801 943 1894 placrequae
968 1801 1088 1874 Missae
1114 1803 1340 1894 celebrantur3
1367 1805 1504 1884 idcireo

254 1915 494 1990 mamistram
520 1916 683 1988 Dominus
708 1916 828 1988 Noster
852 1913 1009 1986 Clemens
1035 1913 1096 1985 ΡΡ.
1123 1915 1199 1986 Xlll
1224 1915 1268 1988 au
1287 1917 1505 1994 humillimas

255 2039 375 2124 preces
392 2027 500 2101 Caroli
516 2029 614 2101 Corio
637 2027 789 2101 Moderui
806 2027 1031 2099 Procuratoris
1048 2026 1219 2100 Generalis
1237 2029 1389 2120 ejusdem
1408 2033 1506 2107 Gon-

256 2140 458 2234 gregarium
475 2141 621 2232 benigne
637 2140 814 2214 inclinatus
831 2138 1005 2222 concessit,
1023 2144 1060 2212 ut
1076 2139 1111 2210 in
1127 2140 1282 2231 praelatis
1298 2143 1505 2219 blonialium

255 2253 431 2338 EcclesiiS,
457 2253 515 2328 ubi
540 2253 575 2325 S.
601 2252 719 2326 Ubaltli
744 2251 856 2326 liltore
888 2251 998 2324 adbuc
1024 2259 1171 2324 ereetum
1204 2271 1273 2326 non
1305 2257 1502 2347 reperitur,

257 2367 473 2459 Priuilegium
498 2365 730 2458 quotidianum
754 2366 790 2437 in
815 2363 925 2437 altare
950 2365 1064 2456 Maiori
1093 2365 1261 2439 Ecclesiae
1286 2367 1328 2440 ab
1360 2369 1505 2446 Abbate

256 2479 411 2553 Generali
437 2477 590 2571 ejusdem
615 2477 888 2571 congregauonis
904 2477 1010 2549 semel
1035 2482 1164 2550 tantum
1188 2477 1356 2570 designari
1372 2485 1503 2572 possit.

255 2592 295 2666 ln
320 2592 360 2663 iis
378 2609 466 2670 ,reru
490 2590 684 2665 Monialium
709 2588 876 2672 Ecclesiis
898 2589 955 2662 ubi
975 2581 1159 2681 praelatum
1185 2590 1218 2662 S.
1245 2591 1362 2664 Ubaldi
1379 2592 1506 2671 Altare

257 2710 406 2778 erectum
431 2704 605 2795 reperitur,
624 2703 658 2775 in
676 2722 716 2776 eo
733 2703 944 2795 privilegium
967 2702 1036 2793 iam
1063 2720 1261 2776 concessum
1278 2717 1505 2800 permaneat;

256 2831 322 2890 uec
338 2814 382 2888 ad
398 2813 488 2888 aliud
512 2815 664 2909 ejusdem
689 2815 857 2890 Ecclesiae
880 2813 992 2888 Altare
1018 2815 1187 2890 transferri
1211 2823 1323 2908 queat
1349 2819 1508 2905 Quibus-

256 2939 405 3020 cumque
437 2928 472 3001 in
503 2930 706 3002 muranum
738 2927 933 3002 iacientibus
965 2927 1279 3004 nonobstantibus.
1313 2931 1507 3026 voluitque

258 3040 424 3116 Sanctitas
449 3042 517 3116 Sua
549 3043 636 3114 banc
660 3041 800 3134 gratiam
830 3039 1000 3132 perpetuis
1033 3039 1152 3113 futuris
1180 3043 1390 3136 temporibus
1424 3045 1507 3124 lore

258 3154 434 3228 valituram
459 3153 589 3248 absque
613 3154 680 3226 ulla
704 3153 819 3226 Brevis
843 3152 1067 3244 expeditione.

330 3267 453 3342 butirm
476 3267 603 3340 Romae
628 3284 672 3339 ex
697 3265 881 3339 Semetaria
906 3266 980 3338 Sao.
1007 3265 1280 3358 congregationis
1311 3268 1506 3365 indulgen-

256 3379 388 3456 illrum·
404 3379 459 3454 dic
485 3383 530 3454 12
554 3378 662 3456 blarlii
690 3383 795 3452 1⁷65.

857 3491 896 3565 N.
922 3491 1026 3564 Gran.
1052 3489 1268 3567 Auuoeeuuus
1294 3494 1422 3572 Penne.

1024 3605 1057 3676 S.
1084 3606 1217 3700 Burpie
1243 3609 1367 3682 Secrct.

633 3771 639 3786 '
789 3799 958 3874 cccxxi.

377 3945 655 4004 CONGREGATIOMS
680 3945 885 4002 cuuntcottbn
912 3947 1120 4002 accubantum
1145 3949 1376 4006 uuelrtrtontnt

294 4045 296 4050 ’
332 4055 387 4130 lu
410 4055 612 4130 humillimas
636 4073 756 4148 preces
772 4057 996 4130 procuratoris
1013 4057 1184 4131 Generalis
1208 4058 1416 4136 clericorum
1433 4063 1504 4140 lle·

259 4170 425 4265 gularium
449 4170 703 4256 Tbeatinonrm
737 4169 972 4242 sanctissimus
997 4171 1159 4244 Dominus
1183 4171 1302 4246 Noster
1335 4173 1502 4251 Clemens

259 4286 322 4362 ΡΡ.
348 4285 423 4360 lllll
447 4284 613 4362 Omnibus
639 4283 815 4378 utriusque
840 4300 944 4360 senus
969 4283 1256 4374 christifidelibus,
1283 4305 1363 4364 vere
1379 4294 1505 4383 pecui-
