3254 4914
292 327 297 338 '
332 329 379 396 60

295 463 377 536 alios
402 462 555 536 alumnos
580 462 776 538 Sacerdotes
802 464 967 556 praelatae
983 462 1256 556 congregationis
1275 463 1338 537 sibi
1355 462 1520 546 benevise,

298 574 476 666 eidemque
500 575 639 648 Coronis
665 575 851 669 applicandi
877 594 1055 651 concessas
1078 575 1306 670 indulgentias
1323 574 1366 649 ad
1391 574 1522 652 ellectum

296 683 573 763 christifidelibus
597 687 828 764 distribuendi.

380 865 566 930 inhaerendo
586 865 714 930 Decretu
728 867 777 932 iel.
793 883 852 932 rec.
873 864 1038 932 Alexandri
1054 864 1108 930 vu
1120 865 1178 930 sub
1192 864 1243 929 die
1256 863 1276 928 6
1290 863 1444 932 Februarii
1460 861 1522 927 ltili

299 977 357 1026 uec
371 976 431 1024 nou
446 961 573 1024 itecreto
587 960 681 1042 hujus
695 959 762 1026 Sao.
777 961 1028 1043 congregationis
1049 960 1311 1041 indulgentiarum
1326 959 1384 1025 sub
1398 961 1445 1024 die
1457 959 1474 1022 ii
1484 959 1524 1021 lu·

298 1056 342 1120 nii
365 1055 460 1132 {7213
480 1058 511 1118 et
531 1054 591 1119 alio
612 1055 740 1120 llecreto
761 1056 822 1120 diei
843 1055 883 1120 itit
904 1055 1062 1120 Februarii
1084 1055 1164 1120 18²0
1184 1055 1264 1119 circa
1283 1054 1440 1120 mamriam
1452 1053 1523 1117 licre

298 1165 417 1228 narum,
439 1147 588 1213 Sanctitas
609 1149 681 1228 Sua,
704 1166 809 1215 omnes
830 1149 1050 1222 Christiltdeles
1071 1149 1230 1230 inprimis
1251 1149 1418 1215 monendos
1437 1147 1525 1222 voluit,

298 1244 382 1326 quod
402 1243 573 1326 praedictae
594 1243 730 1308 Coronae
749 1261 805 1326 pro
828 1245 1051 1327 consequendis
1068 1243 1278 1325 indulgentiis,
1298 1245 1360 1307 sint
1379 1262 1398 1308 a
1419 1245 1525 1323 Praepe

298 1341 357 1404 sito
377 1337 532 1416 Generati,
554 1337 660 1403 veleb
681 1339 740 1403 alio
762 1339 900 1419 ejusdem
922 1339 1173 1421 congregationis
1200 1338 1361 1416 Sacerdote
1388 1339 1524 1420 delegato,
1595 1353 1596 1356 ¹

298 1433 475 1500 benedictae
481 1453 491 1510 ;
512 1431 593 1514 quod
614 1431 761 1512 Coronae,
775 1440 912 1515 utsupra
927 1431 1115 1513 benedictae,
1136 1450 1198 1497 nou
1215 1439 1369 1497 transeant
1382 1446 1525 1516 personam

297 1528 430 1607 illorum,
452 1526 564 1608 quibus
584 1542 743 1592 concessae
764 1534 845 1606 suut,
868 1532 920 1592 aut
940 1529 1053 1610 quibus
1074 1528 1112 1593 ab
1133 1527 1171 1592 iis
1191 1528 1287 1609 prima
1310 1529 1375 1592 vice
1400 1527 1526 1593 distribu-

297 1628 402 1700 untur,
424 1637 481 1686 nee
501 1620 602 1700 aliqua
623 1637 672 1700 re,
693 1638 731 1685 ex
752 1621 916 1702 praedictis
943 1622 1113 1704 deperdita,
1135 1638 1190 1703 pro
1211 1637 1246 1686 ea
1266 1622 1427 1704 subrogari
1447 1621 1526 1684 altera

298 1717 383 1782 nullo
404 1713 493 1781 modo
521 1714 625 1795 possit,
648 1731 704 1780 nec
728 1733 789 1779 uon
807 1717 930 1782 aeedem
951 1716 1120 1795 comodari,
1141 1721 1193 1780 aut
1213 1721 1366 1798 praecario
1389 1717 1467 1795 dari,
1486 1721 1529 1778 aut

295 1811 385 1876 vendi
407 1827 467 1874 nen
489 1810 606 1890 possint
626 1826 681 1891 pro
704 1808 966 1890 indulgentiarum
988 1812 1277 1890 communicatione,
1298 1813 1433 1894 alioquin
1454 1809 1527 1874 amit·
1595 1853 1596 1872 r

296 1911 362 1970 tant
383 1903 590 1985 indulgentias
608 1903 671 1984 J'am
692 1920 859 1968 concessas.
882 1906 935 1968 llis
954 1921 1007 1986 pro
1021 1905 1141 1970 clariori
1163 1905 1363 1986 intelligentia
1386 1911 1528 1990 praenota·

296 2000 345 2080 tis,
367 1999 629 2078 indulgentiarum
649 1998 802 2062 Elenchus
824 2005 1006 2076 recensetur,
1027 2004 1062 2062 ut
1081 2000 1169 2079 inira,
1191 1999 1340 2066 uidelicet.

291 2103 295 2108 '
377 2093 421 2159 t.⁰
443 2092 633 2172 Quicumque
654 2093 819 2173 praelatam
833 2093 982 2159 Coronam
996 2094 1086 2158 corde
1106 2095 1214 2160 saltem
1233 2097 1374 2176 contrito,
1388 2111 1424 2160 ac
1437 2093 1531 2158 devote

295 2189 497 2268 recitaverint,
517 2185 745 2268 indulgentiam
766 2187 859 2252 unius
880 2189 964 2269 enni,
986 2189 1078 2254 mmet
1100 2189 1132 2253 in
1153 2190 1203 2255 die
1223 2190 1450 2272 acquirendam,
1469 2203 1531 2252 cun·

293 2289 471 2366 sequentur.
642 2343 646 2354 ,

375 2379 420 2443 2⁰
441 2377 585 2460 Quisquis
605 2377 767 2458 Coronam,
781 2383 816 2442 ut
830 2379 921 2459 supra
942 2377 1047 2443 decem
1066 2379 1172 2444 saltem
1193 2379 1282 2459 uices,
1302 2379 1382 2445 inira
1396 2392 1530 2454 mensem,

295 2475 332 2542 de
353 2490 438 2540 mere
458 2475 585 2539 recitare
605 2475 759 2555 habuerit,
781 2473 1005 2554 indulgentiam
1032 2474 1202 2539 Plenariam
1223 2475 1255 2538 in
1276 2491 1337 2538 uua
1360 2477 1435 2540 teria
1458 2479 1532 2538 senta

291 2571 406 2638 mensis
426 2569 535 2646 iliartii,
557 2570 637 2635 acin
659 2571 744 2636 iestis
765 2569 962 2647 inventionis,
976 2574 1007 2632 et
1022 2569 1221 2633 Exultatienis
1242 2567 1457 2636 Sanctissimae
1471 2568 1533 2632 Cru-

289 2663 347 2745 cis,
368 2664 417 2729 vel
437 2665 469 2727 in
490 2681 597 2729 eorum
618 2666 731 2730 octavis
745 2667 838 2731 semel
854 2670 972 2728 tantum
993 2663 1151 2744 respectiri
1172 2664 1286 2728 octidui
1307 2665 1407 2745 spatio
1424 2664 1532 2728 lucran-

292 2760 379 2834 dam,
401 2758 566 2824 dummodo
594 2775 663 2824 vere
690 2761 847 2840 poenitens
874 2760 1030 2824 confessus
1050 2773 1086 2823 ac
1110 2758 1141 2823 S.
1163 2758 1384 2824 communione
1412 2761 1532 2824 relectus

291 2852 384 2918 tuerit
406 2857 437 2917 et
457 2869 511 2934 per
532 2852 656 2934 aliquod
677 2855 821 2935 temporis
847 2854 979 2935 spatium
997 2853 1085 2935 juxta
1105 2859 1238 2918 mentem
1265 2852 1443 2920 Sanctitatis
1463 2852 1534 2918 Suae

290 2947 357 3030 pias
377 2947 418 3014 ad
436 2948 534 3012 Deum
554 2963 659 3029 preces
678 2949 830 3026 effuderit,
850 2947 1007 3030 percipiet.

374 3041 419 3106 39
440 3042 610 3108 Plenariam
631 3043 744 3125 pariter
758 3043 983 3123 indulgentiam
999 3047 1201 3123 consequetur
1220 3041 1273 3124 qui
1287 3044 1475 3124 praedictam
1489 3039 1535 3104 Ge

291 3151 399 3201 ronam
419 3137 589 3200 recitaverit
610 3153 627 3200 a
648 3137 805 3202 llomiuica
833 3137 996 3215 Passionis,
1020 3136 1177 3217 usquead
1197 3135 1366 3202 Sabbatum
1394 3136 1533 3202 Sanctum

291 3229 505 3310 inclusive„ea
526 3228 575 3294 die
596 3229 627 3294 iu
649 3247 709 3312 qua
732 3244 800 3294 vere
821 3231 990 3312 poenitens,
1010 3229 1166 3294 couiessus
1183 3229 1329 3294 Pascbale
1343 3235 1534 3313 praeceptum

287 3323 511 3404 adimpleverit.

371 3418 411 3482 lit
432 3419 464 3483 in
486 3417 613 3500 reliquis
627 3435 707 3498 vero,
721 3435 760 3485 ex
774 3419 956 3502 supradictis
976 3418 1094 3498 diebus,
1115 3417 1339 3500 indulgentiam
1358 3424 1478 3502 septem
1491 3433 1534 3484 au·

290 3527 410 3592 nomm,
432 3512 620 3596 totidemque
634 3515 909 3597 quadragenarum,
923 3514 1087 3580 dummodo
1101 3520 1240 3595 utsupra
1257 3515 1428 3598 dispositus
1440 3514 1533 3590 tuerit,

290 3606 485 3690 adipiscetur.

370 3703 415 3766 t.⁰
436 3702 547 3769 Omnes
574 3703 997 3787 supradictas'indulgentias
1023 3703 1249 3786 unusquisque,
1270 3710 1323 3768 aut
1343 3723 1403 3786 pro
1424 3707 1533 3788 seipso,

290 3801 343 3862 aut
362 3797 504 3862 ildelibus
526 3799 677 3864 deiunctis
698 3815 752 3882 per
771 3799 897 3866 modum
917 3799 1065 3880 suffragii,
1086 3799 1237 3881 applicare
1257 3800 1378 3881 poterit.

365 3977 487 4051 Danum
511 3980 637 4053 Romae
662 3998 706 4053 ex
731 3979 916 4055 secretaria
940 3959 1014 4054 See.
1045 3949 1318 4072 congregationis
1346 3975 1529 4073 indulgen·

284 4087 406 4165 tiarum
431 4089 487 4164 dic
512 4095 558 4164 20
583 4091 777 4169 Decembris
804 4097 910 4166 teat.

277 4205 280 4216 '
807 4207 848 4279 A.
874 4203 1032 4300 archiep.
1062 4203 1459 4302 depraedassent.
