<?xml version="1.0" encoding="UTF-8"?>
<!DOCTYPE html PUBLIC "-//W3C//DTD XHTML 1.0 Transitional//EN"
    "http://www.w3.org/TR/xhtml1/DTD/xhtml1-transitional.dtd">
<html xmlns="http://www.w3.org/1999/xhtml" xml:lang="en" lang="en">
 <head>
  <title>
</title>
<meta http-equiv="Content-Type" content="text/html;charset=utf-8" />
  <meta name='ocr-system' content='tesseract 3.04.00' />
  <meta name='ocr-capabilities' content='ocr_page ocr_carea ocr_par ocr_line ocrx_word'/>
</head>
<body>
  <div class='ocr_page' id='page_1' title='image "./resolutionesseu00pringoog_0037.png"; bbox 0 0 3214 4928; ppageno 0'>
   <div class='ocr_carea' id='block_1_1' title="bbox 782 365 974 429">
    <p class='ocr_par' dir='ltr' id='par_1_1' title="bbox 782 365 974 429">
     <span class='ocr_line' id='line_1_1' title="bbox 782 365 974 429; baseline 0 -17"><span class='ocrx_word' id='word_1_1' title='bbox 782 365 974 429; x_wconf 72' lang='lat'>...22-</span> 
     </span>
    </p>
   </div>
   <div class='ocr_carea' id='block_1_2' title="bbox 263 501 1504 1045">
    <p class='ocr_par' dir='ltr' id='par_1_2' title="bbox 263 501 1492 708">
     <span class='ocr_line' id='line_1_2' title="bbox 338 501 1492 596; baseline 0.006 -23"><span class='ocrx_word' id='word_1_2' title='bbox 338 509 392 576; x_wconf 67' lang='lat'><strong><em>29</em></strong></span> <span class='ocrx_word' id='word_1_3' title='bbox 431 507 508 589; x_wconf 79' lang='lat' dir='ltr'><strong><em>[nso</em></strong></span> <span class='ocrx_word' id='word_1_4' title='bbox 527 502 664 575; x_wconf 83' lang='lat' dir='ltr'><strong><em>ratione</em></strong></span> <span class='ocrx_word' id='word_1_5' title='bbox 679 504 717 574; x_wconf 89' lang='lat' dir='ltr'><strong><em>tn</em></strong></span> <span class='ocrx_word' id='word_1_6' title='bbox 728 506 904 596; x_wconf 79' lang='lat' dir='ltr'><strong><em>postnnnc</em></strong></span> <span class='ocrx_word' id='word_1_7' title='bbox 923 503 967 574; x_wconf 90' lang='lat' dir='ltr'><strong><em>sit</em></strong></span> <span class='ocrx_word' id='word_1_8' title='bbox 983 501 1237 585; x_wconf 76' lang='lat' dir='ltr'><strong><em>complendum,</em></strong></span> <span class='ocrx_word' id='word_1_9' title='bbox 1255 521 1297 576; x_wconf 90' lang='lat' dir='ltr'><strong><em>ne</em></strong></span> <span class='ocrx_word' id='word_1_10' title='bbox 1313 503 1403 579; x_wconf 86' lang='lat' dir='ltr'><strong><em>otios</em></strong></span> <span class='ocrx_word' id='word_1_11' title='bbox 1424 505 1492 580; x_wconf 84' lang='lat' dir='ltr'><strong><em>inc</em></strong></span> 
     </span>
     <span class='ocr_line' id='line_1_3' title="bbox 263 614 841 708; baseline -0.005 -20"><span class='ocrx_word' id='word_1_12' title='bbox 263 617 300 690; x_wconf 89' lang='lat' dir='ltr'><strong><em>io</em></strong></span> <span class='ocrx_word' id='word_1_13' title='bbox 325 633 363 688; x_wconf 90' lang='lat' dir='ltr'><strong><em>re</em></strong></span> <span class='ocrx_word' id='word_1_14' title='bbox 388 616 513 688; x_wconf 79' lang='lat' dir='ltr'><strong><em>ulmos</em></strong></span> <span class='ocrx_word' id='word_1_15' title='bbox 533 615 642 708; x_wconf 87' lang='lat' dir='ltr'><strong><em>possit</em></strong></span> <span class='ocrx_word' id='word_1_16' title='bbox 667 614 841 707; x_wconf 82' lang='lat' dir='ltr'><strong><em>irreperet</em></strong></span> 
     </span>
    </p>

    <p class='ocr_par' dir='ltr' id='par_1_3' title="bbox 337 725 1504 824">
     <span class='ocr_line' id='line_1_4' title="bbox 337 725 1504 824; baseline 0.001 -22"><span class='ocrx_word' id='word_1_17' title='bbox 337 729 412 802; x_wconf 84' lang='lat' dir='ltr'><strong><em>Sec.</em></strong></span> <span class='ocrx_word' id='word_1_18' title='bbox 437 727 655 818; x_wconf 85' lang='lat' dir='ltr'><strong><em>congregatio</em></strong></span> <span class='ocrx_word' id='word_1_19' title='bbox 681 725 748 800; x_wconf 88' lang='lat' dir='ltr'><strong><em>diei</em></strong></span> <span class='ocrx_word' id='word_1_20' title='bbox 773 731 819 798; x_wconf 75' lang='lat'><strong><em>22</em></strong></span> <span class='ocrx_word' id='word_1_21' title='bbox 845 727 1041 801; x_wconf 79' lang='lat' dir='ltr'><strong>Decembris</strong></span> <span class='ocrx_word' id='word_1_22' title='bbox 1068 731 1163 800; x_wconf 85' lang='lat' dir='ltr'><strong><em>iiio</em></strong></span> <span class='ocrx_word' id='word_1_23' title='bbox 1183 727 1356 824; x_wconf 86' lang='lat' dir='ltr'><strong><em>respondit</em></strong></span> <span class='ocrx_word' id='word_1_24' title='bbox 1500 777 1504 784; x_wconf 89' lang='lat'>-</span> 
     </span>
    </p>

    <p class='ocr_par' dir='ltr' id='par_1_4' title="bbox 336 837 719 916">
     <span class='ocr_line' id='line_1_5' title="bbox 336 837 719 916; baseline -0.01 -2"><span class='ocrx_word' id='word_1_25' title='bbox 336 839 389 914; x_wconf 77' lang='lat' dir='ltr'><strong><em>Ati</em></strong></span> <span class='ocrx_word' id='word_1_26' title='bbox 417 845 478 912; x_wconf 80' lang='lat' dir='ltr'><strong><em>i.¹1¹</em></strong></span> <span class='ocrx_word' id='word_1_27' title='bbox 503 837 719 916; x_wconf 65' lang='lat' dir='ltr'><strong><em>affirmativo.</em></strong></span> 
     </span>
    </p>

    <p class='ocr_par' dir='ltr' id='par_1_5' title="bbox 336 951 882 1045">
     <span class='ocr_line' id='line_1_6' title="bbox 336 951 882 1045; baseline -0.007 -18"><span class='ocrx_word' id='word_1_28' title='bbox 336 951 388 1027; x_wconf 76' lang='lat' dir='ltr'><strong><em>Ad</em></strong></span> <span class='ocrx_word' id='word_1_29' title='bbox 414 957 477 1024; x_wconf 70' lang='lat'><strong><em>2¹1¹</em></strong></span> <span class='ocrx_word' id='word_1_30' title='bbox 503 951 676 1024; x_wconf 83' lang='lat' dir='ltr'><strong><em>Provisum</em></strong></span> <span class='ocrx_word' id='word_1_31' title='bbox 701 951 737 1024; x_wconf 93' lang='lat' dir='ltr'><strong><em>in</em></strong></span> <span class='ocrx_word' id='word_1_32' title='bbox 763 951 882 1045; x_wconf 91' lang='lat' dir='ltr'><strong><em>primo.</em></strong></span> 
     </span>
    </p>
   </div>
   <div class='ocr_carea' id='block_1_3' title="bbox 813 1148 934 1222">
    <p class='ocr_par' dir='ltr' id='par_1_6' title="bbox 813 1148 934 1222">
     <span class='ocr_line' id='line_1_7' title="bbox 813 1148 934 1222; baseline 0 0"><span class='ocrx_word' id='word_1_33' title='bbox 813 1148 934 1222; x_wconf 85' lang='lat' dir='ltr'>XXIX.</span> 
     </span>
    </p>
   </div>
   <div class='ocr_carea' id='block_1_4' title="bbox 260 1289 1494 1948">
    <p class='ocr_par' dir='ltr' id='par_1_7' title="bbox 260 1289 1494 1704">
     <span class='ocr_line' id='line_1_8' title="bbox 335 1289 1493 1383; baseline 0.001 -21"><span class='ocrx_word' id='word_1_34' title='bbox 335 1291 391 1363; x_wconf 80' lang='lat' dir='ltr'><strong><em>An</em></strong></span> <span class='ocrx_word' id='word_1_35' title='bbox 414 1291 537 1382; x_wconf 78' lang='lat' dir='ltr'><strong><em>stipam</em></strong></span> <span class='ocrx_word' id='word_1_36' title='bbox 561 1290 697 1362; x_wconf 86' lang='lat' dir='ltr'><strong><em>ratione</em></strong></span> <span class='ocrx_word' id='word_1_37' title='bbox 725 1289 800 1383; x_wconf 76' lang='lat' dir='ltr'><strong><em>peri</em></strong></span> <span class='ocrx_word' id='word_1_38' title='bbox 820 1290 940 1383; x_wconf 88' lang='lat' dir='ltr'><strong><em>possit,</em></strong></span> <span class='ocrx_word' id='word_1_39' title='bbox 966 1295 1005 1363; x_wconf 88' lang='lat' dir='ltr'><strong><em>ot</em></strong></span> <span class='ocrx_word' id='word_1_40' title='bbox 1029 1291 1171 1373; x_wconf 76' lang='lat' dir='ltr'><strong><em>Rustici,</em></strong></span> <span class='ocrx_word' id='word_1_41' title='bbox 1199 1291 1257 1382; x_wconf 88' lang='lat' dir='ltr'><strong><em>poi</em></strong></span> <span class='ocrx_word' id='word_1_42' title='bbox 1284 1293 1395 1366; x_wconf 85' lang='lat' dir='ltr'><strong><em>Sucro</em></strong></span> <span class='ocrx_word' id='word_1_43' title='bbox 1420 1291 1493 1364; x_wconf 86' lang='lat' dir='ltr'><strong><em>lile·</em></strong></span> 
     </span>
     <span class='ocr_line' id='line_1_9' title="bbox 260 1401 1494 1494; baseline -0.002 -16"><span class='ocrx_word' id='word_1_44' title='bbox 260 1405 425 1478; x_wconf 79' lang='lat' dir='ltr'><strong><em>nrlsrnstu</em></strong></span> <span class='ocrx_word' id='word_1_45' title='bbox 448 1401 635 1494; x_wconf 69' lang='lat' dir='ltr'><strong><em>moronus</em></strong></span> <span class='ocrx_word' id='word_1_46' title='bbox 659 1421 684 1474; x_wconf 87' lang='lat' dir='ltr'><strong><em>o</em></strong></span> <span class='ocrx_word' id='word_1_47' title='bbox 707 1403 892 1484; x_wconf 73' lang='lat' dir='ltr'><strong><em>nonnullis,</em></strong></span> <span class='ocrx_word' id='word_1_48' title='bbox 919 1403 1085 1494; x_wconf 77' lang='lat' dir='ltr'><strong><em>agnilus</em></strong></span> <span class='ocrx_word' id='word_1_49' title='bbox 1104 1401 1301 1477; x_wconf 78' lang='lat' dir='ltr'><strong><em>christiano</em></strong></span> <span class='ocrx_word' id='word_1_50' title='bbox 1322 1405 1494 1477; x_wconf 79' lang='lat' dir='ltr'><strong><em>Doctrina</em></strong></span> 
     </span>
     <span class='ocr_line' id='line_1_10' title="bbox 260 1513 1491 1609; baseline 0.001 -20"><span class='ocrx_word' id='word_1_51' title='bbox 260 1517 471 1599; x_wconf 84' lang='lat' dir='ltr'><strong><em>intuuntur,</em></strong></span> <span class='ocrx_word' id='word_1_52' title='bbox 497 1513 617 1588; x_wconf 84' lang='lat' dir='ltr'><strong><em>eodnn</em></strong></span> <span class='ocrx_word' id='word_1_53' title='bbox 642 1515 864 1588; x_wconf 83' lang='lat' dir='ltr'><strong><em>Nonismolo</em></strong></span> <span class='ocrx_word' id='word_1_54' title='bbox 880 1516 1007 1606; x_wconf 86' lang='lat' dir='ltr'><strong><em>otspne</em></strong></span> <span class='ocrx_word' id='word_1_55' title='bbox 1024 1515 1264 1609; x_wconf 78' lang='lat' dir='ltr'><strong><em>indulgentiae</em></strong></span> <span class='ocrx_word' id='word_1_56' title='bbox 1286 1513 1491 1590; x_wconf 78' lang='lat' dir='ltr'><strong><em>delnrncnto</em></strong></span> 
     </span>
     <span class='ocr_line' id='line_1_11' title="bbox 262 1625 693 1704; baseline -0.014 0"><span class='ocrx_word' id='word_1_57' title='bbox 262 1629 342 1704; x_wconf 81' lang='lat' dir='ltr'><strong><em>otiis</em></strong></span> <span class='ocrx_word' id='word_1_58' title='bbox 366 1625 506 1702; x_wconf 80' lang='lat' dir='ltr'><strong><em>tradere</em></strong></span> <span class='ocrx_word' id='word_1_59' title='bbox 529 1626 693 1700; x_wconf 86' lang='lat' dir='ltr'><strong><em>colenntl</em></strong></span> 
     </span>
    </p>

    <p class='ocr_par' dir='ltr' id='par_1_8' title="bbox 261 1738 1490 1948">
     <span class='ocr_line' id='line_1_12' title="bbox 334 1738 1490 1834; baseline 0.003 -21"><span class='ocrx_word' id='word_1_60' title='bbox 334 1740 408 1814; x_wconf 87' lang='lat' dir='ltr'><strong><em>Sao.</em></strong></span> <span class='ocrx_word' id='word_1_61' title='bbox 435 1739 654 1830; x_wconf 88' lang='lat' dir='ltr'><strong><em>congregatio</em></strong></span> <span class='ocrx_word' id='word_1_62' title='bbox 680 1738 745 1812; x_wconf 90' lang='lat' dir='ltr'><strong><em>dici</em></strong></span> <span class='ocrx_word' id='word_1_63' title='bbox 772 1743 818 1809; x_wconf 76' lang='lat'><strong><em>²5</em></strong></span> <span class='ocrx_word' id='word_1_64' title='bbox 844 1739 1015 1813; x_wconf 80' lang='lat' dir='ltr'>Februarii</span> <span class='ocrx_word' id='word_1_65' title='bbox 1043 1745 1131 1812; x_wconf 87' lang='grc'>1711</span> <span class='ocrx_word' id='word_1_66' title='bbox 1162 1740 1336 1834; x_wconf 86' lang='lat' dir='ltr'><strong><em>respondit</em></strong></span> <span class='ocrx_word' id='word_1_67' title='bbox 1360 1775 1407 1796; x_wconf 86' lang='lat'><em>-</em></span> <span class='ocrx_word' id='word_1_68' title='bbox 1424 1739 1490 1817; x_wconf 87' lang='lat' dir='ltr'><strong><em>ile-</em></strong></span> 
     </span>
     <span class='ocr_line' id='line_1_13' title="bbox 261 1854 380 1948; baseline -0.034 -20"><span class='ocrx_word' id='word_1_69' title='bbox 261 1854 380 1948; x_wconf 88' lang='lat' dir='ltr'><strong><em>galive.</em></strong></span> 
     </span>
    </p>
   </div>
   <div class='ocr_carea' id='block_1_5' title="bbox 818 1951 924 2024">
    <p class='ocr_par' dir='ltr' id='par_1_9' title="bbox 818 1951 924 2024">
     <span class='ocr_line' id='line_1_14' title="bbox 818 1951 924 2024; baseline 0.009 -1"><span class='ocrx_word' id='word_1_70' title='bbox 818 1951 924 2024; x_wconf 91' lang='lat' dir='ltr'>XXX.</span> 
     </span>
    </p>
   </div>
   <div class='ocr_carea' id='block_1_6' title="bbox 258 2075 1491 2290">
    <p class='ocr_par' dir='ltr' id='par_1_10' title="bbox 258 2075 1491 2290">
     <span class='ocr_line' id='line_1_15' title="bbox 334 2075 1490 2154; baseline 0.001 -1"><span class='ocrx_word' id='word_1_71' title='bbox 334 2080 420 2153; x_wconf 91' lang='lat' dir='ltr'><strong><em>cum</em></strong></span> <span class='ocrx_word' id='word_1_72' title='bbox 449 2075 655 2150; x_wconf 86' lang='lat' dir='ltr'><strong><em>Venerabilis</em></strong></span> <span class='ocrx_word' id='word_1_73' title='bbox 687 2075 1041 2151; x_wconf 75' lang='lat' dir='ltr'><strong><em>Archinoniraternitas</em></strong></span> <span class='ocrx_word' id='word_1_74' title='bbox 1075 2079 1251 2152; x_wconf 82' lang='lat' dir='ltr'><strong><em>Doctrinae</em></strong></span> <span class='ocrx_word' id='word_1_75' title='bbox 1282 2079 1490 2154; x_wconf 81' lang='lat' dir='ltr'><strong><em>Christianae</em></strong></span> 
     </span>
     <span class='ocr_line' id='line_1_16' title="bbox 258 2187 1491 2290; baseline 0 -23"><span class='ocrx_word' id='word_1_76' title='bbox 258 2193 368 2290; x_wconf 90' lang='lat' dir='ltr'><strong><em>posita</em></strong></span> <span class='ocrx_word' id='word_1_77' title='bbox 392 2193 428 2264; x_wconf 93' lang='lat' dir='ltr'><strong><em>in</em></strong></span> <span class='ocrx_word' id='word_1_78' title='bbox 453 2191 600 2264; x_wconf 84' lang='lat' dir='ltr'><strong><em>Ecclesia</em></strong></span> <span class='ocrx_word' id='word_1_79' title='bbox 625 2190 659 2262; x_wconf 91' lang='lat' dir='ltr'><strong><em>S.</em></strong></span> <span class='ocrx_word' id='word_1_80' title='bbox 685 2188 815 2263; x_wconf 86' lang='lat' dir='ltr'><strong><em>Martini</em></strong></span> <span class='ocrx_word' id='word_1_81' title='bbox 841 2187 885 2262; x_wconf 88' lang='lat' dir='ltr'><strong><em>de</em></strong></span> <span class='ocrx_word' id='word_1_82' title='bbox 909 2189 1010 2274; x_wconf 81' lang='lat' dir='ltr'><strong><em>Urbe,</em></strong></span> <span class='ocrx_word' id='word_1_83' title='bbox 1027 2190 1150 2264; x_wconf 90' lang='lat' dir='ltr'><strong><em>Sacrae</em></strong></span> <span class='ocrx_word' id='word_1_84' title='bbox 1166 2191 1421 2284; x_wconf 79' lang='lat' dir='ltr'><strong><em>congregationi</em></strong></span> <span class='ocrx_word' id='word_1_85' title='bbox 1434 2195 1491 2278; x_wconf 86' lang='lat' dir='ltr'><strong><em>in·</em></strong></span> 
     </span>
    </p>
   </div>
   <div class='ocr_carea' id='block_1_7' title="bbox 256 2301 1491 4534">
    <p class='ocr_par' dir='ltr' id='par_1_11' title="bbox 256 2301 1491 4534">
     <span class='ocr_line' id='line_1_17' title="bbox 259 2301 1489 2398; baseline -0.002 -17"><span class='ocrx_word' id='word_1_86' title='bbox 259 2305 506 2398; x_wconf 87' lang='lat' dir='ltr'><strong><em>dulgentiarum</em></strong></span> <span class='ocrx_word' id='word_1_87' title='bbox 530 2302 700 2375; x_wconf 88' lang='lat' dir='ltr'><strong><em>humiliter</em></strong></span> <span class='ocrx_word' id='word_1_88' title='bbox 725 2301 929 2392; x_wconf 80' lang='lat' dir='ltr'><strong><em>exposuerit,</em></strong></span> <span class='ocrx_word' id='word_1_89' title='bbox 957 2303 1092 2394; x_wconf 91' lang='lat' dir='ltr'><strong><em>saepius</em></strong></span> <span class='ocrx_word' id='word_1_90' title='bbox 1117 2305 1332 2378; x_wconf 90' lang='lat' dir='ltr'><strong><em>a·nonnuiiis</em></strong></span> <span class='ocrx_word' id='word_1_91' title='bbox 1357 2301 1489 2380; x_wconf 82' lang='lat' dir='ltr'><strong><em>dubita·</em></strong></span> 
     </span>
     <span class='ocr_line' id='line_1_18' title="bbox 258 2413 1491 2510; baseline -0.001 -17"><span class='ocrx_word' id='word_1_92' title='bbox 258 2425 331 2494; x_wconf 90' lang='lat' dir='ltr'><strong><em>ium</em></strong></span> <span class='ocrx_word' id='word_1_93' title='bbox 356 2417 470 2501; x_wconf 88' lang='lat' dir='ltr'><strong><em>inisse,</em></strong></span> <span class='ocrx_word' id='word_1_94' title='bbox 497 2435 541 2488; x_wconf 91' lang='lat' dir='ltr'><strong><em>an</em></strong></span> <span class='ocrx_word' id='word_1_95' title='bbox 566 2419 691 2487; x_wconf 89' lang='lat' dir='ltr'><strong><em>attenta</em></strong></span> <span class='ocrx_word' id='word_1_96' title='bbox 717 2413 809 2487; x_wconf 88' lang='lat' dir='ltr'><strong><em>Bulla</em></strong></span> <span class='ocrx_word' id='word_1_97' title='bbox 835 2433 854 2485; x_wconf 89' lang='lat' dir='ltr'><strong><em>a</em></strong></span> <span class='ocrx_word' id='word_1_98' title='bbox 880 2413 958 2486; x_wconf 90' lang='lat' dir='ltr'><strong><em>San.</em></strong></span> <span class='ocrx_word' id='word_1_99' title='bbox 985 2432 1086 2487; x_wconf 88' lang='lat' dir='ltr'><strong><em>mem.</em></strong></span> <span class='ocrx_word' id='word_1_100' title='bbox 1114 2415 1264 2490; x_wconf 81' lang='lat' dir='ltr'><strong><em>raucit</em></strong></span> <span class='ocrx_word' id='word_1_101' title='bbox 1285 2417 1383 2503; x_wconf 89' lang='lat' dir='ltr'><strong><em>edita,</em></strong></span> <span class='ocrx_word' id='word_1_102' title='bbox 1403 2437 1491 2510; x_wconf 82' lang='lat' dir='ltr'><strong><em>qnae</em></strong></span> 
     </span>
     <span class='ocr_line' id='line_1_19' title="bbox 258 2525 1489 2624; baseline -0.002 -19"><span class='ocrx_word' id='word_1_103' title='bbox 258 2531 373 2624; x_wconf 85' lang='lat' dir='ltr'><strong><em>incipit</em></strong></span> <span class='ocrx_word' id='word_1_104' title='bbox 397 2557 410 2592; x_wconf 78' lang='grc' dir='ltr'>ι</span> <span class='ocrx_word' id='word_1_105' title='bbox 434 2531 489 2602; x_wconf 77' lang='lat' dir='ltr'><strong><em>Dc</em></strong></span> <span class='ocrx_word' id='word_1_106' title='bbox 514 2526 643 2601; x_wconf 84' lang='lat' dir='ltr'><strong><em>credito</em></strong></span> <span class='ocrx_word' id='word_1_107' title='bbox 669 2553 704 2608; x_wconf 76' lang='grc' dir='ltr'><strong><em>ι,</em></strong></span> <span class='ocrx_word' id='word_1_108' title='bbox 730 2526 812 2596; x_wconf 89' lang='lat' dir='ltr'><strong><em>satis</em></strong></span> <span class='ocrx_word' id='word_1_109' title='bbox 836 2525 880 2596; x_wconf 91' lang='lat' dir='ltr'><strong><em>sit</em></strong></span> <span class='ocrx_word' id='word_1_110' title='bbox 903 2531 941 2598; x_wconf 89' lang='lat' dir='ltr'><strong><em>ut</em></strong></span> <span class='ocrx_word' id='word_1_111' title='bbox 965 2545 1033 2598; x_wconf 94' lang='lat' dir='ltr'><strong><em>una</em></strong></span> <span class='ocrx_word' id='word_1_112' title='bbox 1058 2527 1318 2602; x_wconf 75' lang='lat' dir='ltr'><strong><em>confraternitas</em></strong></span> <span class='ocrx_word' id='word_1_113' title='bbox 1335 2529 1489 2622; x_wconf 86' lang='lat' dir='ltr'><strong><em>ejusdem</em></strong></span> 
     </span>
     <span class='ocr_line' id='line_1_20' title="bbox 257 2637 1490 2730; baseline -0.002 -13"><span class='ocrx_word' id='word_1_114' title='bbox 257 2641 402 2718; x_wconf 88' lang='lat' dir='ltr'><strong><em>instituti</em></strong></span> <span class='ocrx_word' id='word_1_115' title='bbox 426 2642 462 2712; x_wconf 94' lang='lat' dir='ltr'><strong><em>in</em></strong></span> <span class='ocrx_word' id='word_1_116' title='bbox 487 2639 597 2730; x_wconf 87' lang='lat' dir='ltr'><strong><em>aliqua</em></strong></span> <span class='ocrx_word' id='word_1_117' title='bbox 622 2637 762 2710; x_wconf 88' lang='lat' dir='ltr'><strong><em>civitate</em></strong></span> <span class='ocrx_word' id='word_1_118' title='bbox 786 2643 994 2728; x_wconf 81' lang='lat' dir='ltr'><strong><em>aggregetur,</em></strong></span> <span class='ocrx_word' id='word_1_119' title='bbox 1021 2638 1064 2712; x_wconf 86' lang='lat' dir='ltr'><strong><em>ad</em></strong></span> <span class='ocrx_word' id='word_1_120' title='bbox 1089 2641 1155 2712; x_wconf 87' lang='lat' dir='ltr'><strong><em>hoo</em></strong></span> <span class='ocrx_word' id='word_1_121' title='bbox 1178 2648 1216 2714; x_wconf 90' lang='lat' dir='ltr'><strong><em>nt</em></strong></span> <span class='ocrx_word' id='word_1_122' title='bbox 1240 2647 1380 2714; x_wconf 90' lang='lat' dir='ltr'><strong><em>cunetae</em></strong></span> <span class='ocrx_word' id='word_1_123' title='bbox 1405 2642 1490 2714; x_wconf 80' lang='lat' dir='ltr'><strong><em>aiae</em></strong></span> 
     </span>
     <span class='ocr_line' id='line_1_21' title="bbox 257 2747 1489 2846; baseline -0.001 -17"><span class='ocrx_word' id='word_1_124' title='bbox 257 2755 385 2829; x_wconf 84' lang='lat' dir='ltr'><strong><em>similes</em></strong></span> <span class='ocrx_word' id='word_1_125' title='bbox 409 2749 701 2825; x_wconf 76' lang='lat' dir='ltr'><strong><em>confraternitates</em></strong></span> <span class='ocrx_word' id='word_1_126' title='bbox 729 2747 773 2822; x_wconf 88' lang='lat' dir='ltr'><strong><em>ab</em></strong></span> <span class='ocrx_word' id='word_1_127' title='bbox 797 2747 972 2822; x_wconf 85' lang='lat' dir='ltr'><strong><em>ordinario</em></strong></span> <span class='ocrx_word' id='word_1_128' title='bbox 997 2751 1076 2824; x_wconf 88' lang='lat' dir='ltr'><strong><em>Loci</em></strong></span> <span class='ocrx_word' id='word_1_129' title='bbox 1102 2759 1243 2839; x_wconf 89' lang='lat' dir='ltr'><strong><em>erectae,</em></strong></span> <span class='ocrx_word' id='word_1_130' title='bbox 1270 2772 1333 2827; x_wconf 91' lang='lat' dir='ltr'><strong><em>seu</em></strong></span> <span class='ocrx_word' id='word_1_131' title='bbox 1357 2755 1489 2846; x_wconf 91' lang='lat' dir='ltr'><strong><em>erigen-</em></strong></span> 
     </span>
     <span class='ocr_line' id='line_1_22' title="bbox 257 2862 1488 2958; baseline 0 -18"><span class='ocrx_word' id='word_1_132' title='bbox 257 2867 321 2940; x_wconf 85' lang='lat' dir='ltr'><strong><em>dae</em></strong></span> <span class='ocrx_word' id='word_1_133' title='bbox 346 2872 543 2958; x_wconf 82' lang='lat' dir='ltr'><strong><em>aggregatae</em></strong></span> <span class='ocrx_word' id='word_1_134' title='bbox 563 2862 686 2955; x_wconf 89' lang='lat' dir='ltr'><strong><em>pariter</em></strong></span> <span class='ocrx_word' id='word_1_135' title='bbox 707 2867 917 2945; x_wconf 80' lang='lat' dir='ltr'><strong><em>censeantur,</em></strong></span> <span class='ocrx_word' id='word_1_136' title='bbox 936 2863 990 2936; x_wconf 83' lang='lat' dir='ltr'><strong><em>rei</em></strong></span> <span class='ocrx_word' id='word_1_137' title='bbox 1006 2865 1117 2956; x_wconf 90' lang='lat' dir='ltr'><strong><em>polius</em></strong></span> <span class='ocrx_word' id='word_1_138' title='bbox 1135 2866 1272 2958; x_wconf 91' lang='lat' dir='ltr'><strong><em>insuper</em></strong></span> <span class='ocrx_word' id='word_1_139' title='bbox 1288 2867 1488 2958; x_wconf 84' lang='lat' dir='ltr'><strong><em>requiratur,</em></strong></span> 
     </span>
     <span class='ocr_line' id='line_1_23' title="bbox 256 2972 1489 3070; baseline -0.001 -17"><span class='ocrx_word' id='word_1_140' title='bbox 256 2986 295 3053; x_wconf 92' lang='lat' dir='ltr'><strong><em>ut</em></strong></span> <span class='ocrx_word' id='word_1_141' title='bbox 319 2977 471 3069; x_wconf 89' lang='lat' dir='ltr'><strong><em>singulae</em></strong></span> <span class='ocrx_word' id='word_1_142' title='bbox 496 2972 801 3054; x_wconf 75' lang='lat' dir='ltr'><strong><em>confraternitates,</em></strong></span> <span class='ocrx_word' id='word_1_143' title='bbox 829 2991 916 3064; x_wconf 89' lang='lat' dir='ltr'><strong><em>quae</em></strong></span> <span class='ocrx_word' id='word_1_144' title='bbox 942 2974 977 3046; x_wconf 93' lang='lat' dir='ltr'><strong><em>in</em></strong></span> <span class='ocrx_word' id='word_1_145' title='bbox 993 2979 1062 3050; x_wconf 88' lang='lat' dir='ltr'><strong><em>tota</em></strong></span> <span class='ocrx_word' id='word_1_146' title='bbox 1078 2977 1229 3050; x_wconf 86' lang='lat' dir='ltr'><strong><em>Dioecesi</em></strong></span> <span class='ocrx_word' id='word_1_147' title='bbox 1245 2979 1428 3070; x_wconf 88' lang='lat' dir='ltr'><strong><em>eriguntur,</em></strong></span> <span class='ocrx_word' id='word_1_148' title='bbox 1446 2980 1489 3053; x_wconf 89' lang='lat' dir='ltr'><strong><em>ab</em></strong></span> 
     </span>
     <span class='ocr_line' id='line_1_24' title="bbox 257 3085 1489 3184; baseline 0.001 -20"><span class='ocrx_word' id='word_1_149' title='bbox 257 3087 628 3164; x_wconf 75' lang='lat' dir='ltr'><strong><em>uroiiooutraternitate</em></strong></span> <span class='ocrx_word' id='word_1_150' title='bbox 653 3086 795 3158; x_wconf 88' lang='lat' dir='ltr'><strong><em>seorsim</em></strong></span> <span class='ocrx_word' id='word_1_151' title='bbox 822 3085 1092 3178; x_wconf 89' lang='lat' dir='ltr'><strong><em>aggregationem</em></strong></span> <span class='ocrx_word' id='word_1_152' title='bbox 1117 3091 1316 3183; x_wconf 90' lang='lat' dir='ltr'><strong><em>suscipiant;</em></strong></span> <span class='ocrx_word' id='word_1_153' title='bbox 1342 3107 1489 3184; x_wconf 88' lang='lat' dir='ltr'><strong><em>cumque</em></strong></span> 
     </span>
     <span class='ocr_line' id='line_1_25' title="bbox 256 3200 1489 3297; baseline 0.003 -23"><span class='ocrx_word' id='word_1_154' title='bbox 256 3203 380 3297; x_wconf 82' lang='lat' dir='ltr'><strong><em>pariter</em></strong></span> <span class='ocrx_word' id='word_1_155' title='bbox 406 3201 577 3293; x_wconf 88' lang='lat' dir='ltr'><strong><em>supplices</em></strong></span> <span class='ocrx_word' id='word_1_156' title='bbox 600 3215 720 3290; x_wconf 89' lang='lat' dir='ltr'><strong><em>preces</em></strong></span> <span class='ocrx_word' id='word_1_157' title='bbox 744 3200 942 3290; x_wconf 77' lang='lat' dir='ltr'><strong><em>porrexerit,</em></strong></span> <span class='ocrx_word' id='word_1_158' title='bbox 968 3208 1006 3272; x_wconf 92' lang='grc' dir='ltr'><strong><em>ιιι</em></strong></span> <span class='ocrx_word' id='word_1_159' title='bbox 1030 3202 1293 3276; x_wconf 82' lang='lat' dir='ltr'><strong><em>Eminentissimi</em></strong></span> <span class='ocrx_word' id='word_1_160' title='bbox 1310 3205 1423 3278; x_wconf 88' lang='lat' dir='ltr'><strong><em>Patres</em></strong></span> <span class='ocrx_word' id='word_1_161' title='bbox 1449 3217 1489 3278; x_wconf 89' lang='lat' dir='ltr'><strong><em>ca</em></strong></span> 
     </span>
     <span class='ocr_line' id='line_1_26' title="bbox 258 3309 1487 3410; baseline 0.001 -21"><span class='ocrx_word' id='word_1_162' title='bbox 258 3316 301 3389; x_wconf 87' lang='lat' dir='ltr'><strong><em>ue</em></strong></span> <span class='ocrx_word' id='word_1_163' title='bbox 317 3333 356 3387; x_wconf 90' lang='lat' dir='ltr'><strong><em>re</em></strong></span> <span class='ocrx_word' id='word_1_164' title='bbox 377 3327 479 3386; x_wconf 88' lang='lat' dir='ltr'><strong><em>suum</em></strong></span> <span class='ocrx_word' id='word_1_165' title='bbox 496 3311 675 3383; x_wconf 83' lang='lat' dir='ltr'><strong><em>Omeuiurn</em></strong></span> <span class='ocrx_word' id='word_1_166' title='bbox 692 3310 841 3403; x_wconf 86' lang='lat' dir='ltr'><strong><em>prolerre</em></strong></span> <span class='ocrx_word' id='word_1_167' title='bbox 858 3309 1091 3403; x_wconf 61' lang='lat' dir='ltr'><strong><em>rigrannum</em></strong></span> <span class='ocrx_word' id='word_1_168' title='bbox 1110 3313 1228 3388; x_wconf 87' lang='lat' dir='ltr'><strong><em>eadem</em></strong></span> <span class='ocrx_word' id='word_1_169' title='bbox 1250 3315 1323 3388; x_wconf 87' lang='lat' dir='ltr'><strong><em>Sac.</em></strong></span> <span class='ocrx_word' id='word_1_170' title='bbox 1341 3316 1487 3410; x_wconf 86' lang='lat' dir='ltr'><strong><em>congre-</em></strong></span> 
     </span>
     <span class='ocr_line' id='line_1_27' title="bbox 257 3422 1488 3520; baseline 0.003 -22"><span class='ocrx_word' id='word_1_171' title='bbox 257 3427 355 3520; x_wconf 86' lang='lat' dir='ltr'><strong><em>gatio,</em></strong></span> <span class='ocrx_word' id='word_1_172' title='bbox 383 3423 513 3498; x_wconf 90' lang='lat' dir='ltr'><strong><em>etiamsi</em></strong></span> <span class='ocrx_word' id='word_1_173' title='bbox 539 3423 641 3496; x_wconf 86' lang='lat' dir='ltr'><strong><em>uerba</em></strong></span> <span class='ocrx_word' id='word_1_174' title='bbox 666 3422 854 3515; x_wconf 87' lang='lat' dir='ltr'><strong><em>praedictae</em></strong></span> <span class='ocrx_word' id='word_1_175' title='bbox 878 3423 991 3497; x_wconf 90' lang='lat' dir='ltr'><strong><em>Buiiae</em></strong></span> <span class='ocrx_word' id='word_1_176' title='bbox 1016 3426 1096 3498; x_wconf 88' lang='lat' dir='ltr'><strong><em>satis</em></strong></span> <span class='ocrx_word' id='word_1_177' title='bbox 1113 3427 1201 3498; x_wconf 89' lang='lat' dir='ltr'><strong><em>clara</em></strong></span> <span class='ocrx_word' id='word_1_178' title='bbox 1222 3425 1424 3510; x_wconf 86' lang='lat' dir='ltr'><strong><em>viderentur,</em></strong></span> <span class='ocrx_word' id='word_1_179' title='bbox 1442 3435 1488 3502; x_wconf 89' lang='lat' dir='ltr'><strong><em>ta·</em></strong></span> 
     </span>
     <span class='ocr_line' id='line_1_28' title="bbox 257 3531 1487 3628; baseline 0.001 -14"><span class='ocrx_word' id='word_1_180' title='bbox 257 3555 338 3614; x_wconf 87' lang='lat' dir='ltr'><strong><em>men</em></strong></span> <span class='ocrx_word' id='word_1_181' title='bbox 362 3553 407 3610; x_wconf 88' lang='lat' dir='ltr'><strong><em>ne</em></strong></span> <span class='ocrx_word' id='word_1_182' title='bbox 431 3531 519 3608; x_wconf 81' lang='lat' dir='ltr'><strong><em>nius</em></strong></span> <span class='ocrx_word' id='word_1_183' title='bbox 545 3535 579 3607; x_wconf 94' lang='lat' dir='ltr'><strong><em>in</em></strong></span> <span class='ocrx_word' id='word_1_184' title='bbox 605 3542 780 3628; x_wconf 89' lang='lat' dir='ltr'><strong><em>posterum</em></strong></span> <span class='ocrx_word' id='word_1_185' title='bbox 806 3533 899 3608; x_wconf 84' lang='lat' dir='ltr'><strong><em>dubii</em></strong></span> <span class='ocrx_word' id='word_1_186' title='bbox 924 3537 1017 3607; x_wconf 88' lang='lat' dir='ltr'><strong><em>iocus</em></strong></span> <span class='ocrx_word' id='word_1_187' title='bbox 1043 3544 1246 3628; x_wconf 84' lang='lat' dir='ltr'><strong><em>superesset,</em></strong></span> <span class='ocrx_word' id='word_1_188' title='bbox 1265 3537 1319 3612; x_wconf 88' lang='lat' dir='ltr'><strong><em>die</em></strong></span> <span class='ocrx_word' id='word_1_189' title='bbox 1337 3543 1383 3610; x_wconf 79' lang='lat'><strong><em>23</em></strong></span> <span class='ocrx_word' id='word_1_190' title='bbox 1401 3541 1487 3614; x_wconf 82' lang='lat' dir='ltr'><strong><em>iliar-</em></strong></span> 
     </span>
     <span class='ocr_line' id='line_1_29' title="bbox 256 3647 1488 3739; baseline 0.002 -14"><span class='ocrx_word' id='word_1_191' title='bbox 256 3653 293 3725; x_wconf 87' lang='lat' dir='ltr'><strong><em>tii</em></strong></span> <span class='ocrx_word' id='word_1_192' title='bbox 321 3654 412 3724; x_wconf 89' lang='grc'>1711</span> <span class='ocrx_word' id='word_1_193' title='bbox 443 3647 619 3721; x_wconf 86' lang='lat' dir='ltr'><strong><em>declararit</em></strong></span> <span class='ocrx_word' id='word_1_194' title='bbox 644 3648 809 3732; x_wconf 86' lang='lat' dir='ltr'><strong><em>sufficere,</em></strong></span> <span class='ocrx_word' id='word_1_195' title='bbox 837 3653 874 3720; x_wconf 92' lang='lat' dir='ltr'><strong><em>ut</em></strong></span> <span class='ocrx_word' id='word_1_196' title='bbox 898 3648 1008 3739; x_wconf 79' lang='lat' dir='ltr'><strong><em>acqua</em></strong></span> <span class='ocrx_word' id='word_1_197' title='bbox 1034 3648 1295 3722; x_wconf 80' lang='lat' dir='ltr'><strong><em>confraternitas</em></strong></span> <span class='ocrx_word' id='word_1_198' title='bbox 1311 3652 1488 3730; x_wconf 89' lang='lat' dir='ltr'><strong><em>Doctrinae</em></strong></span> 
     </span>
     <span class='ocr_line' id='line_1_30' title="bbox 257 3753 1488 3854; baseline 0.002 -17"><span class='ocrx_word' id='word_1_199' title='bbox 257 3761 463 3837; x_wconf 85' lang='lat' dir='ltr'><strong><em>Christianae</em></strong></span> <span class='ocrx_word' id='word_1_200' title='bbox 488 3761 522 3832; x_wconf 91' lang='lat' dir='ltr'><strong><em>in</em></strong></span> <span class='ocrx_word' id='word_1_201' title='bbox 547 3781 615 3834; x_wconf 89' lang='lat' dir='ltr'><strong><em>una</em></strong></span> <span class='ocrx_word' id='word_1_202' title='bbox 636 3761 773 3834; x_wconf 89' lang='lat' dir='ltr'><strong><em>civitate</em></strong></span> <span class='ocrx_word' id='word_1_203' title='bbox 790 3753 1150 3834; x_wconf 78' lang='lat' dir='ltr'><strong><em>Archiconiratemitati</em></strong></span> <span class='ocrx_word' id='word_1_204' title='bbox 1172 3767 1348 3854; x_wconf 87' lang='lat' dir='ltr'><strong><em>aggregata</em></strong></span> <span class='ocrx_word' id='word_1_205' title='bbox 1373 3765 1426 3851; x_wconf 89' lang='lat' dir='ltr'><strong><em>sii,</em></strong></span> <span class='ocrx_word' id='word_1_206' title='bbox 1445 3767 1488 3840; x_wconf 90' lang='lat' dir='ltr'><strong><em>ad</em></strong></span> 
     </span>
     <span class='ocr_line' id='line_1_31' title="bbox 257 3865 1487 3953; baseline 0.003 -4"><span class='ocrx_word' id='word_1_207' title='bbox 257 3876 323 3949; x_wconf 88' lang='lat' dir='ltr'><strong><em>iroc</em></strong></span> <span class='ocrx_word' id='word_1_208' title='bbox 348 3880 386 3946; x_wconf 89' lang='lat' dir='ltr'><strong><em>ut</em></strong></span> <span class='ocrx_word' id='word_1_209' title='bbox 411 3881 550 3948; x_wconf 91' lang='lat' dir='ltr'><strong><em>cunctae</em></strong></span> <span class='ocrx_word' id='word_1_210' title='bbox 575 3875 656 3946; x_wconf 89' lang='lat' dir='ltr'><strong><em>aliae</em></strong></span> <span class='ocrx_word' id='word_1_211' title='bbox 682 3873 724 3946; x_wconf 88' lang='lat' dir='ltr'><strong><em>ab</em></strong></span> <span class='ocrx_word' id='word_1_212' title='bbox 750 3865 924 3946; x_wconf 84' lang='lat' dir='ltr'><strong><em>ordinario</em></strong></span> <span class='ocrx_word' id='word_1_213' title='bbox 949 3872 1027 3944; x_wconf 86' lang='lat' dir='ltr'><strong><em>Loci</em></strong></span> <span class='ocrx_word' id='word_1_214' title='bbox 1053 3873 1174 3946; x_wconf 88' lang='lat' dir='ltr'><strong><em>intuta</em></strong></span> <span class='ocrx_word' id='word_1_215' title='bbox 1190 3875 1341 3950; x_wconf 88' lang='lat' dir='ltr'><strong><em>Dioeoesi</em></strong></span> <span class='ocrx_word' id='word_1_216' title='bbox 1358 3885 1487 3953; x_wconf 86' lang='lat' dir='ltr'><strong><em>erectae</em></strong></span> 
     </span>
     <span class='ocr_line' id='line_1_32' title="bbox 256 3986 1486 4082; baseline 0.002 -22"><span class='ocrx_word' id='word_1_217' title='bbox 256 4004 319 4060; x_wconf 88' lang='lat' dir='ltr'><strong><em>seu</em></strong></span> <span class='ocrx_word' id='word_1_218' title='bbox 344 3986 533 4079; x_wconf 84' lang='lat' dir='ltr'><strong><em>erigendae,</em></strong></span> <span class='ocrx_word' id='word_1_219' title='bbox 560 3990 757 4078; x_wconf 87' lang='lat' dir='ltr'><strong><em>aggregatae</em></strong></span> <span class='ocrx_word' id='word_1_220' title='bbox 782 3989 996 4069; x_wconf 85' lang='lat' dir='ltr'><strong><em>censeantur,</em></strong></span> <span class='ocrx_word' id='word_1_221' title='bbox 1023 3987 1057 4058; x_wconf 87' lang='lat' dir='ltr'><strong><em>et</em></strong></span> <span class='ocrx_word' id='word_1_222' title='bbox 1082 3987 1235 4061; x_wconf 89' lang='lat' dir='ltr'><strong><em>omnium</em></strong></span> <span class='ocrx_word' id='word_1_223' title='bbox 1265 3989 1486 4082; x_wconf 87' lang='lat' dir='ltr'><strong><em>spiritualium</em></strong></span> 
     </span>
     <span class='ocr_line' id='line_1_33' title="bbox 259 4094 1486 4189; baseline 0.003 -17"><span class='ocrx_word' id='word_1_224' title='bbox 259 4099 446 4174; x_wconf 81' lang='lat' dir='ltr'><strong><em>Gratiarum</em></strong></span> <span class='ocrx_word' id='word_1_225' title='bbox 472 4105 505 4174; x_wconf 88' lang='lat' dir='ltr'><strong><em>el</em></strong></span> <span class='ocrx_word' id='word_1_226' title='bbox 531 4094 837 4189; x_wconf 69' lang='lat' dir='ltr'><strong><em>indulgentiarum,</em></strong></span> <span class='ocrx_word' id='word_1_227' title='bbox 864 4095 991 4187; x_wconf 74' lang='lat' dir='ltr'><strong><em>umbus</em></strong></span> <span class='ocrx_word' id='word_1_228' title='bbox 1022 4097 1110 4172; x_wconf 87' lang='lat' dir='ltr'><strong><em>dicta</em></strong></span> <span class='ocrx_word' id='word_1_229' title='bbox 1135 4099 1486 4176; x_wconf 77' lang='lat' dir='ltr'><strong><em>rrcmmunnernitas</em></strong></span> 
     </span>
     <span class='ocr_line' id='line_1_34' title="bbox 259 4207 1248 4306; baseline -0.001 -18"><span class='ocrx_word' id='word_1_230' title='bbox 259 4211 380 4289; x_wconf 71' lang='lat' dir='ltr'><strong><em>nnius</em></strong></span> <span class='ocrx_word' id='word_1_231' title='bbox 403 4213 582 4306; x_wconf 86' lang='lat' dir='ltr'><strong><em>participes</em></strong></span> <span class='ocrx_word' id='word_1_232' title='bbox 606 4207 682 4284; x_wconf 89' lang='lat' dir='ltr'><strong><em>sint.</em></strong></span> <span class='ocrx_word' id='word_1_233' title='bbox 709 4211 831 4282; x_wconf 88' lang='lat' dir='ltr'><strong><em>Datum</em></strong></span> <span class='ocrx_word' id='word_1_234' title='bbox 855 4207 910 4280; x_wconf 86' lang='lat' dir='ltr'><strong><em>die</em></strong></span> <span class='ocrx_word' id='word_1_235' title='bbox 936 4213 982 4281; x_wconf 76' lang='lat'><strong><em>20</em></strong></span> <span class='ocrx_word' id='word_1_236' title='bbox 1007 4211 1116 4286; x_wconf 77' lang='lat' dir='ltr'><strong><em>Martii</em></strong></span> <span class='ocrx_word' id='word_1_237' title='bbox 1142 4216 1248 4287; x_wconf 85' lang='lat' dir='ltr'><strong><em>iiii.</em></strong></span> 
     </span>
     <span class='ocr_line' id='line_1_35' title="bbox 789 4319 1411 4403; baseline 0.006 -7"><span class='ocrx_word' id='word_1_238' title='bbox 789 4324 818 4396; x_wconf 88' lang='lat' dir='ltr'><strong><em>l.</em></strong></span> <span class='ocrx_word' id='word_1_239' title='bbox 845 4319 888 4398; x_wconf 88' lang='lat' dir='ltr'><strong><em>iil.</em></strong></span> <span class='ocrx_word' id='word_1_240' title='bbox 914 4322 1018 4397; x_wconf 78' lang='lat' dir='ltr'><strong><em>cneo.</em></strong></span> <span class='ocrx_word' id='word_1_241' title='bbox 1045 4325 1264 4400; x_wconf 82' lang='lat' dir='ltr'><strong><em>crsnmuums</em></strong></span> <span class='ocrx_word' id='word_1_242' title='bbox 1289 4328 1411 4403; x_wconf 79' lang='lat' dir='ltr'><strong><em>Prunr.</em></strong></span> 
     </span>
     <span class='ocr_line' id='line_1_36' title="bbox 707 4433 1484 4534; baseline 0.01 -25"><span class='ocrx_word' id='word_1_243' title='bbox 707 4433 865 4529; x_wconf 82' lang='lat' dir='ltr'><strong><em>liopltoel</em></strong></span> <span class='ocrx_word' id='word_1_244' title='bbox 892 4436 1029 4513; x_wconf 86' lang='lat' dir='ltr'><strong><em>cosmus</em></strong></span> <span class='ocrx_word' id='word_1_245' title='bbox 1054 4439 1096 4515; x_wconf 90' lang='lat' dir='ltr'><strong><em>de</em></strong></span> <span class='ocrx_word' id='word_1_246' title='bbox 1120 4441 1334 4534; x_wconf 86' lang='lat' dir='ltr'><strong><em>Hieronprnis</em></strong></span> <span class='ocrx_word' id='word_1_247' title='bbox 1360 4441 1484 4518; x_wconf 78' lang='lat' dir='ltr'><strong><em>Serrei.</em></strong></span> 
     </span>
    </p>
   </div>
   <div class='ocr_carea' id='block_1_8' title="bbox 0 0 1612 4928">
    <p class='ocr_par' dir='ltr' id='par_1_12' title="bbox 0 0 1612 4928">
     <span class='ocr_line' id='line_1_37' title="bbox 0 0 1612 4928; baseline 0 2"><span class='ocrx_word' id='word_1_248' title='bbox 0 0 1612 4928; x_wconf 95' lang='lat' dir='ltr'><strong><em> </em></strong></span> 
     </span>
    </p>
   </div>
  </div>
 </body>
</html>
