3182 4922
625 357 842 426 -5ar-

121 489 274 563 nunciatis
300 491 578 568 christifidelibus
595 493 653 583 qui
669 491 860 585 hujusmodi
877 489 1114 566 collationibus
1139 499 1208 566 tarn
1226 491 1268 566 ad
1283 492 1345 566 do·

122 599 273 685 oenduru,
305 621 408 696 quam
425 602 680 678 addiscendum
706 603 807 678 corde
832 603 947 676 saltem
966 603 1114 677 contrito
1138 603 1347 702 interfuerint

5 795 7 828 ι
123 714 242 804 quoties
267 713 305 788 id
330 718 468 810 egerint,
485 723 614 811 septem
632 735 795 790 annorum
812 716 1053 818 indulgentiam
1079 717 1346 809 estimpertitus,

124 825 296 918 unicuique
326 829 462 904 undem
491 829 585 906 nuiliti
615 828 753 921 alicujus
770 829 965 902 commititis
991 829 1199 904 conversioni
1221 848 1283 922 pro
1301 829 1347 902 ni

122 937 206 1012 ribus
231 943 423 1034 cooperanti
447 941 689 1034 indulgentiam
715 943 815 1016 nnius
832 943 911 1016 anni
927 943 1066 1034 singulis
1092 943 1220 1018 vicibus
1237 943 1348 1034 aequi-

118 1047 260 1134 rendaur‚
275 1050 471 1126 dummodo
497 1059 607 1126 aetum
632 1053 837 1129 counitionis
852 1053 978 1140 eliciat,
1004 1053 1149 1146 benigne
1170 1053 1344 1126 concessit.

116 1160 221 1234 toturn
246 1169 362 1236 antona
376 1163 501 1238 Eadem
527 1166 691 1238 Sanctitas
716 1167 784 1240 Sua
797 1166 868 1238 bas
885 1167 1006 1258 gratias
1032 1168 1201 1260 perpetuis
1222 1165 1346 1240 futuris

114 1275 320 1367 temporibus
345 1277 529 1369 suflragari
555 1278 628 1352 Nou
654 1278 863 1353 obstantibus
873 1279 914 1352 iu
931 1279 1133 1354 contrarium
1150 1279 1346 1355 facientibus
1456 1309 1460 1320 ’

112 1387 393 1481 quibuscumque.
421 1391 590 1464 Praesenti
608 1391 747 1466 valituro
764 1392 892 1484 absque
909 1391 975 1466 ulla
987 1393 1106 1466 eroes
1122 1391 1346 1487 expeditione.

181 1501 305 1573 batum
322 1503 449 1576 nomae
465 1520 509 1575 ex
526 1504 711 1578 secretaria
735 1505 808 1578 Sac.
835 1503 1107 1597 congregationis
1123 1505 1346 1664 induigentia

108 1629 181 1684 rnnr
209 1612 265 1685 die
294 1617 338 1686 tt
364 1615 441 1688 bluii
469 1619 573 1688 ltttl.

809 1729 845 1802 F.
872 1729 975 1804 canu.
1002 1730 1174 1814 mundius
1199 1732 1321 1812 Pnasr.

899 1843 930 1913 J
958 1843 1058 1917 delto
1086 1845 1208 1918 Secrct.
1314 1916 1318 1924 ,

497 1983 501 2004 ²
539 2017 546 2030 '
659 1994 827 2114 norrun.¹

595 2184 687 2237 onnus
712 2186 752 2238 nr
778 2184 871 2240 ouen
1000 2245 1005 2254 ,

181 2286 224 2360 Ut
250 2285 357 2378 magis
382 2285 515 2362 devotio
541 2305 620 2381 erga
644 2289 820 2383 beipararn
845 2307 979 2384 semper
1008 2291 1179 2384 Virginem
1205 2291 1239 2362 in
1264 2290 1348 2371 nde
1481 2281 1484 2292 ’

108 2397 188 2472 lium
214 2397 374 2472 cordibus
400 2399 647 2476 incrementum
672 2401 841 2494 suscipiat,
867 2403 1063 2495 praesertim
1089 2420 1168 2476 uero
1193 2419 1254 2494 per
1279 2400 1361 2480 effi·.

107 2510 319 2584 cecissimanr
344 2511 554 2586 sanctissimi
578 2512 707 2590 Rosarii
731 2512 1010 2606 deprecationem,
1036 2515 1069 2586 in
1097 2533 1163 2606 qua
1188 2515 1347 2606 mysteria

106 2639 246 2713 quoque
272 2629 406 2697 nostrae
432 2623 651 2715 reparationis
677 2625 884 2710 recoluntur,
918 2625 1165 2700 sanctissimus·
1185 2625 1348 2700 Dominus

102 2733 226 2809 Noster
253 2735 331 2808 Pius
358 2736 420 2808 PP.
447 2737 494 2808 tx
520 2736 719 2808 bunrilbmis
744 2737 899 2829 precibus
924 2745 996 2812 turn
1027 2739 1149 2814 Viturii
1174 2738 1348 2830 generalis,

102 2855 176 2920 tum
204 2848 371 2940 generalis
397 2849 626 2922 Procuratoris
644 2850 744 2923 totius
761 2848 894 2923 Ordinis
911 2852 1045 2926 Petrum
1069 2851 1348 2936 praedicatorum,
1404 2853 1406 2858 '

101 2959 254 3050 benigne
271 2959 460 3044 inclinatos
479 2958 612 3052 praeuia
638 2959 888 3032 confirmatione
904 2960 1109 3052 singularum
1131 2961 1350 3053 indulgentia·

101 3089 194 3154 rum,
222 3089 312 3162 quae
329 3089 391 3165 per
408 3070 572 3163 gloriosos
590 3070 868 3144 Praedecessores
881 3089 965 3142 suos
991 3077 1059 3142 tam
1076 3069 1245 3145 sodalibus
1266 3071 1351 3144 cun·

101 3182 320 3256 fraternitatis
345 3183 554 3256 sanctissimi
580 3182 725 3266 Rosarit,
752 3200 854 3273 quam
879 3182 1044 3268 uniuersis
1073 3181 1349 3256 christifidelibus

100 3294 285 3367 Rosarium
310 3295 530 3368 recitantibus
547 3293 677 3368 fuerant
694 3294 859 3386 elargitae,
878 3295 960 3386 ipsis
976 3293 1146 3368 sodalibus
1163 3295 1350 3388 ceterisque

100 3405 265 3482 fidelibus
288 3408 467 3482 Rosarium
492 3406 716 3482 recolentibus
732 3425 837 3480 novas
853 3405 1078 3499 indulgentias
1094 3406 1275 3480 clementer
1290 3407 1351 3478 inr-

101 3519 251 3612 pertitus
276 3525 344 3594 est:
371 3518 511 3594 indrdsit
535 3537 659 3612 nempe
684 3525 722 3596 ut
746 3517 934 3594 confratres
960 3523 993 3592 et
1017 3518 1221 3592 consorores
1238 3519 1349 3609 capus-

101 3647 256 3723 cumque
267 3631 452 3706 sodalitatis
469 3631 676 3706 sanctissimi
692 3632 821 3714 llosarii
845 3636 912 3704 tam
923 3631 1085 3706 canonice
1102 3638 1231 3706 erectae
1248 3647 1350 3721 quam

99 3744 135 3818 in
162 3751 343 3837 posterum
368 3744 532 3817 canonice
559 3741 748 3834 erigendae,
775 3741 834 3833 qui
860 3742 1004 3833 aliquam
1030 3743 1210 3816 Ecclesiam
1237 3741 1272 3814 iu
1296 3729 1350 3814 sess

100 3857 290 3950 onentibus
315 3855 552 3930 festivitatibus
569 3853 813 3947 conceptionis,
831 3853 966 3938 scibcet,
992 3854 1185 3938 Natiuitatis,
1211 3853 1351 3934 Annuu-

98 3967 268 4050 ciationis,
290 3967 510 4051 visitationis,
529 3959 782 4050 purificationis,
801 3966 1078 4040 Praesentationis
1096 3971 1129 4038 et
1144 3964 1352 4057 Assumptio

97 4083 153 4159 nis
171 4081 211 4155 Β.
229 4079 355 4154 Mariae
372 4081 530 4172 virginis,
550 4080 697 4168 lemque
713 4077 750 4150 ln
766 4076 897 4154 duabus
923 4085 1052 4154 tantum
1069 4076 1349 4169 Quadagesimao
1475 4103 1481 4118 ·

97 4193 193 4268 feriis
218 4193 327 4268 sextis
352 4192 396 4265 ad
421 4193 686 4283 uniuscujusque
709 4189 840 4264 libitum
866 4189 1037 4282 eligendis,
1064 4207 1127 4264 nec
1148 4209 1216 4264 non
1233 4191 1273 4264 in.
1290 4189 1353 4263 lte·

98 4304 322 4380 surrectionis
348 4305 387 4378 b.
414 4305 453 4380 N.
472 4306 501 4376 J.
519 4303 556 4380 c.
577 4302 757 4390 bomiuler,
776 4303 810 4380 in
828 4303 987 4400 Ejusdem
1011 4302 1225 4380 ascensionis
1252 4302 1350 4388 festo,
