3130 4920
546 373 764 438 -337-

581 577 726 650 CDXXi.

474 763 611 818 bruonis
637 765 842 818 domantes

131 952 351 1027 sanctissimus
374 953 539 1028 Dominus
562 953 682 1028 Noster
698 953 781 1041 Pius,
794 955 856 1028 l‘l‘.
874 954 933 1028 tlt
949 973 993 1028 ex
1009 956 1170 1029 Patemae
1185 953 1270 1030 cba

76 1063 153 1136 ritat'o
173 1064 278 1138 officio
302 1085 372 1158 quo
397 1068 573 1140 universos
597 1066 715 1165 fideles
740 1068 775 1142 in
801 1067 871 1141 ileo
895 1067 1126 1160 complectitur
1148 1067 1191 1140 de
1214 1085 1269 1142 ae·

75 1181 143 1248 lerna
164 1195 274 1251 eornm
298 1179 452 1254 lelicitate
468 1179 694 1272 procur-anna,
712 1199 815 1272 mam
831 1181 978 1252 maxime
993 1181 1171 1269 sollicitns;
1191 1198 1269 1253 cnm

75 1289 233 1362 aiarocbo
255 1292 410 1382 Marqnet
434 1292 602 1365 Ecclesiae
626 1292 661 1364 S.
690 1293 778 1366 Petri
802 1292 901 1365 Urbis
924 1291 1064 1365 Bollonii
1089 1293 1123 1365 in
1140 1293 1272 1366 llollan-

73 1397 126 1473 oie
144 1403 262 1494 Regno,
288 1404 482 1495 expositum
508 1403 607 1478 inerit
630 1405 818 1480 laenitatem
832 1405 902 1496 iam
919 1405 1104 1478 obtinuisse
1120 1404 1270 1498 erigendi

73 1511 346 1586 conbabrnitatem
372 1514 407 1586 in
432 1533 495 1588 sna
520 1513 703 1588 Parocbiali
727 1517 875 1590 Ecclesia
899 1516 965 1589 snb
990 1515 1083 1589 titolo
1099 1517 1190 1590 Boot
1204 1517 1272 1590 Po·

71 1627 146 1698 toris
165 1635 344 1720 nuncupat
370 1627 414 1700 ad
438 1627 594 1701 eductum
620 1627 737 1701 orandi
753 1647 815 1721 pro
830 1636 1043 1721 peocatomm
1066 1629 1190 1719 salntc3
1206 1647 1270 1702 nec
1360 1725 1364 1728 ,.

71 1753 120 1808 non
139 1738 317 1812 obtinuisse
341 1741 520 1813 nonnullas
546 1739 770 1832 indulgentias
794 1742 925 1814 statutis
944 1741 1064 1815 diebos
1083 1741 1270 1826 lucrandas,

69 1847 113 1918 sod
131 1851 218 1922 sicuti
242 1849 363 1924 fideles
389 1851 424 1922 in
449 1853 522 1924 aliis
546 1853 715 1924 Parocbiis
740 1871 816 1926 seu-
830 1853 912 1926 locis
944 1855 1125 1926 existentes
1157 1853 1270 1927 indul·

68 1960 169 2048 ructas
190 1963 358 2054 praelatas
374 1963 494 2036 lucrari
512 1963 649 2036 minime
667 1965 805 2057 possint,
821 1963 865 2038 ob
881 1965 1063 2060 clausulam
1080 1967 1114 2038 ln
1131 1983 1268 2039 conces·

68 2070 188 2146 tionibus
197 2075 389 2168 appositam
401 2075 445 2148 de
458 2075 622 2148 visitando
637 2077 821 2149 Ecclesiam
838 2075 895 2149 nbi
907 2077 1165 2150 coniratemilas
1177 2095 1270 2170 prae·

66 2181 129 2257 dicta
150 2189 314 2281 reperitur
338 2195 472 2277 erecta3
499 2187 578 2260 binc
602 2189 796 2261 bomiliimis
820 2188 977 2282 precibus
999 2190 1164 2274 cratoris,
1189 2191 1271 2264 San·

65 2295 137 2368 ceras
158 2300 222 2372 Sua
246 2299 398 2392 benigne
423 2318 588 2384 annuens,
614 2301 771 2374 omnibns
795 2299 1023 2374 conbantbns
1046 2318 1086 2372 ac
1105 2300 1269 2374 Consoro·

64 2407 133 2480 o'bos
154 2410 387 2502 praenudatae
411 2411 708 2495 confraternitatis,
734 2413 913 2485 canonicae
936 2419 1049 2486 tamen
1064 2419 1196 2486 erectae
1211 2411 1270 2485 ad·

63 2519 168 2612 scriptis
191 2541 230 2596 ac
254 2525 291 2596 in
317 2529 491 2616 posterum
517 2521 758 2607 adscribentis,
783 2524 842 2614 qni
867 2524 1012 2616 legitime
1035 2522 1195 2616 impediti,
1217 2525 1272 2598 rol

62 2629 94 2702 ob
112 2632 251 2708 bonrum
275 2634 472 2708 distantm
496 2635 680 2710 Ecclesiam
698 2636 934 2722 Parocbialem,
951 2637 986 2710 in
1003 2657 1070 2729 qna
1086 2636 1270 2712 confrater·

61 2741 126 2817 nitas
146 2755 253 2822 mecla
279 2747 447 2841 reperitur
471 2749 604 2822 statutis
629 2747 749 2822 diebus
781 2750 914 2824 visitare
945 2749 1174 2842 nequiuerint,
1203 2751 1270 2825 cle·

62 2863 165 2931 neom
187 2859 339 2944 indulsit,
364 2866 404 2932 nt
428 2859 568 2934 easdem
593 2879 713 2933 omnes
737 2869 772 2934 et
795 2860 944 2954 singulas
959 2861 1184 2954 indulgentias
1199 2863 1299 2956 qni-

61 2963 108 3040 bm
127 2971 271 3062 gandent
296 2972 422 3046 coeteri
446 2972 648 3056 contraires,
674 2978 708 3045 ct
732 2971 948 3056 consorores,
965 2973 1086 3046 lucrari
1101 2975 1232 3065 possint
1250 2994 1278 3050 e-

62 3079 175 3168 micent,
200 3084 390 3158 dnmmodo
415 3085 541 3157 omissa
566 3085 752 3158 visitatione
777 3085 964 3177 praedictae
988 3085 1188 3158 Parocbiaiis
1211 3087 1273 3161 lic-

59 3190 163 3279 dtslar,
187 3197 312 3271 diebras
338 3197 464 3288 nomos
488 3196 721 3288 indulgentiae
744 3216 924 3270 concessae
948 3197 1170 3290 reperiuntur,
1192 3199 1270 3272 risi·

58 3307 110 3377 tot
128 3307 311 3384 Ecclesiam
337 3327 588 3400 quamcumque
612 3311 878 3402 uniuscnjusque
902 3309 1037 3384 arbitrio
1061 3309 1268 3402 eligendam,

58 3423 82 3486 el
100 3419 153 3490 alia
176 3423 230 3513 pia
256 3440 361 3514 opera
387 3441 405 3492 a
432 3421 644 3494 confessario
673 3421 875 3513 injungenda
907 3421 1049 3496 fideliter
1079 3440 1119 3496 ac
1149 3420 1270 3498 devoto

57 3539 253 3621 ocqnanm.
280 3533 425 3626 insuper
448 3531 675 3622 indulgentias
700 3533 852 3624 partiales
873 3533 944 3624 iam
965 3533 1118 3606 obtentas
1134 3534 1168 3606 iu
1185 3553 1269 3626 quae

58 3641 116 3710 bor
144 3643 394 3728 iestirilatibns‚
428 3643 583 3716 videlicet
606 3643 788 3716 Nabritatis
813 3645 849 3716 Β.
874 3646 918 3718 lc
944 3643 1009 3730 V.,
1035 3644 1270 3720 conversionis

58 3747 82 3820 S.
102 3753 204 3842 Pattli,
229 3757 267 3830 S.
295 3757 462 3830 Francisci
488 3755 643 3838 xaverii,
669 3756 762 3828 ets.
788 3756 938 3830 Monicae
961 3756 1006 3830 ad
1029 3755 1271 3848 lndnlgentiam

56 3857 216 3942 Mmam
241 3868 471 3962 incipiendam
487 3887 507 3944 a
524 3867 642 3960 primis
659 3867 808 3960 vesperis
825 3887 935 3960 usqne
951 3867 995 3941 ad
1010 3885 1167 3941 occasum
1190 3868 1270 3940 solis

57 3979 282 4062 lumidomm
295 3981 472 4064 testornm,
488 3978 677 4052 dnmmodo
690 3978 929 4052 christifideles
946 3997 1026 4052 rere
1044 3977 1270 4070 poenitentes,

57 4088 176 4166 ontessi
201 4111 243 4166 ac
267 4094 303 4165 S.
330 4091 579 4165 cnmmunione
603 4090 717 4162 retecti
741 4091 873 4174 inoint,
898 4097 932 4164 et
955 4109 1016 4183 per
1040 4087 1176 4181 abqnoo
1190 4095 1273 4163 tem

56 4201 129 4284 lidi
149 4205 418 4298 spatinm'jnxta
446 4209 594 4276 mentem
619 4202 808 4276 sanctitatis
824 4203 912 4276 Suae
928 4201 1001 4295 pias
1017 4200 1060 4274 ad
1075 4201 1182 4276 neum
1198 4219 1271 4294 pre·

56 4323 102 4382 ets
121 4315 309 4400 elinderint,
335 4316 484 4409 benigne
507 4313 670 4392 exlendit
687 4313 855 4395 Praesenti
871 4313 1042 4408 perpetuis
1057 4311 1176 4387 tutoris
1191 4318 1274 4386 tem
