3134 4918
567 358 785 428 -taa-

145 490 212 562 saa.
238 489 458 583 congregatio
482 492 654 586 respondit
678 492 919 578 «malive,
944 491 974 564 si
1000 497 1115 583 agatur
1139 489 1183 564 de
1207 490 1295 564 Gon·

87 601 325 678 laumiutihus
349 603 556 678 Sanctissimi
581 604 736 700 Gargaris
752 604 885 691 Christi,
911 612 945 679 at
968 603 1012 678 de
1035 603 1190 678 Doctrina
1206 602 1299 678 Chri

86 715 183 800 uana,
192 733 280 807 quae
287 727 419 810 praeter
431 715 656 810 indulgentias
669 717 862 812 hujusmodi
875 716 1108 792 sodalitatibus
1122 737 1140 789 a
1154 715 1298 791 Pauloll

85 843 255 912 untaesas,
282 829 441 921 singulari
466 847 604 922 guoque
627 831 799 924 privilegio
822 828 979 923 gaudent,
1001 829 1097 924 iuxta
1122 830 1196 904 Sao.
1214 827 1298 902 Con

84 942 264 1032 gregatianis
296 943 452 1028 Decreta,
478 943 571 1036 quad
601 961 725 1038 nempe
749 945 784 1016 iu
817 944 957 1038 siugulis
989 961 1125 1036 quaque
1153 941 1297 1016 Paroaiis

83 1054 195 1144 possint
223 1054 372 1148 institui;
396 1055 555 1149 Negative
587 1074 667 1131 reru
691 1057 722 1130 si
746 1063 861 1149 agutur
893 1055 936 1132 do
967 1053 1297 1132 confraternitatibus

82 1183 293 1257 ngenera».

140 1277 188 1350 t.⁰
214 1278 520 1374 confraternitates
545 1280 590 1354 alr
615 1282 782 1375 dgaoapo
808 1281 1055 1356 auctoritatae
1074 1282 1107 1354 S.
1136 1277 1221 1354 Sede
1237 1276 1295 1352 da·

83 1389 181 1481 lgata
200 1395 345 1475 erectae,
369 1393 534 1487 guumar
547 1411 651 1468 aeaaa
667 1393 788 1468 eadem
804 1395 971 1468 laurum
996 1410 1149 1487 agarum,
1167 1395 1200 1464 et
1219 1409 1298 1464 ora·

82 1503 195 1578 turum
220 1507 458 1583 magnaurae
482 1525 559 1584 aum
583 1507 982 1604 Araiiaaairatemitata
1000 1512 1032 1582 et
1048 1505 1169 1580 iudan
1189 1504 1298 1598 paui·

83 1615 173 1709 lagia,
191 1624 224 1693 et
240 1619 466 1714 indulgentiis
482 1641 524 1696 aa
541 1621 634 1705 ittae,
661 1641 750 1715 guae
774 1627 987 1716 aggregatae
1003 1619 1183 1698 udiaaria
1202 1633 1298 1692 mae

80 1727 230 1818 fumat?

141 1843 212 1916 Sao.
239 1844 460 1938 congregatio
488 1847 662 1941 respondit
685 1846 922 1921 «Affirmative
946 1846 976 1920 si
1001 1851 1117 1939 agatur
1141 1842 1184 1917 da
1209 1841 1296 1918 Cou-

79 1951 266 2030 lutemitate
291 1957 351 2030 SS.
378 1957 535 2051 Gargaris
560 1959 707 2049 Christi3
724 1959 754 2032 si
770 1977 850 2034 reru
867 1959 910 2034 de
926 1959 1082 2034 Dnatrina
1098 1954 1296 2040 Christana,

80 2067 196 2156 quaties
222 2070 258 2142 in
284 2087 352 2142 una
376 2071 527 2144 Dioeaesi
552 2063 729 2164 aggregata
754 2080 807 2146 est
829 2090 897 2144 una
933 2067 1122 2146 istiusmodi
1160 2065 1297 2140 Contra·

76 2180 210 2265 teruitas,
227 2189 383 2256 aueterae
408 2183 508 2256 etiam
525 2189 665 2268 erectae,
692 2189 749 2258 aut
773 2182 962 2276 erigendae,
988 2183 1185 2275 aggregatae
1221 2193 1298 2250 aen·

78 2299 203 2382 sentum
227 2293 390 2386 Negatiue
415 2293 529 2386 quoad
552 2295 633 2368 alias
657 2295 950 2371 confraternitates
979 2295 1015 2368 in
1039 2307 1174 2386 genera.
1199 2317 1212 2354 ι
1248 2287 1295 2360 lta

77 2401 242 2481 maurit
267 2407 342 2482 Sao.
368 2406 491 2501 Gangr.
516 2407 578 2482 Dte
603 2412 661 2482 22.
688 2406 831 2500 Augusti
859 2410 964 2480 luta.
1124 2447 1126 2454 ,

592 2598 775 2672 DXXXIX.

541 2743 820 2798 aurasicen.

143 2848 306 2942 sugatur
337 2849 481 2924 Minoris
514 2849 698 2923 Semiaarii
729 2849 949 2922 Bituriaarsis
980 2845 1110 2942 gaudet
1131 2846 1299 2942 facultate

80 2958 265 3052 imputandi
288 2980 428 3036 sermm
453 2963 643 3055 scapulare
667 2963 708 3034 B.
730 2965 777 3038 Μ.
805 2961 898 3036 lide
922 2963 1038 3037 Monte
1065 2962 1234 3043 daumio,
1255 2977 1299 3034 aa

77 3069 283 3148 meandi
306 3073 432 3169 fideles,
459 3095 502 3150 aa
527 3079 642 3149 tamea
659 3073 852 3148 conditione
867 3078 907 3148 ut
921 3073 1065 3147 aomina
1089 3090 1219 3155 eomaa,
1238 3070 1298 3164 gui

79 3178 148 3258 luia
172 3185 457 3281 Coagateruitati
480 3187 668 3269 armatur,
694 3184 743 3260 ad
762 3185 965 3280 maximam
992 3183 1199 3257 Goaumtura
1212 3181 1298 3273 eitu-

77 3291 146 3368 dem
169 3299 308 3374 Ordinis
338 3300 532 3384 mittantur,
566 3304 599 3373 et
630 3300 696 3374 nisi
719 3299 764 3373 sit
788 3299 825 3370 in
861 3297 947 3372 Urbe
978 3296 1168 3370 Curvatas
1191 3293 1299 3386 ipsus

78 3405 214 3494 &diae
233 3430 312 3484 aum
328 3412 366 3508 iu
385 3412 473 3510 Urbe
495 3412 701 3486 Bituriaeaai
724 3411 919 3504 reperiatur
936 3406 1112 3482 sodalitas
1133 3407 1299 3481 Surorum

79 3515 345 3606 mamistenum,
372 3527 508 3616 quaerit
537 3521 586 3596 l.⁰
611 3525 665 3598 du
689 3523 855 3618 facultate
879 3538 1037 3596 caucaso
1061 3519 1114 3593 uti
1133 3516 1243 3611 possit
1262 3515 1300 3588 ia

80 3627 157 3704 Uria
179 3636 397 3721 Bituriceaai,
423 3637 482 3710 ubi
507 3635 605 3710 adeat
630 3635 806 3710 Sadulitas
824 3635 990 3708 Surorum
1011 3628 1301 3706 Cornwlitarum?

79 3741 148 3814 ¹2?
169 3747 224 3818 Aa
248 3746 406 3840 afficiat,
424 3750 621 3822 atramina
638 3767 756 3822 eurtum
782 3747 840 3838 gai
865 3745 955 3822 iana
975 3741 1301 3839 confratemitataa

76 3851 319 3944 ingrediantur,
352 3858 401 3933 ad
427 3859 657 3935 sodalitatem
690 3860 957 3934 carmelitarum
991 3857 1156 3931 Sauum
1188 3848 1302 3926 aura

79 3961 223 4044 Ciuitatis
247 3972 497 4046 mittanturi».

141 4079 211 4156 Sao.
238 4082 473 4176 congregatio,
491 4081 612 4157 auditis
629 4082 865 4157 consultorum
885 4081 982 4164 rutis,
999 4083 1068 4149 tarn
1085 4071 1129 4148 ad
1144 4071 1303 4167 gnarum,

77 4193 453 4400 fflgdfflndum
484 4196 626 4275 dubium
655 4195 830 4293 respondit
860 4187 1096 4272 ‹Affirmadve
1111 4216 1146 4262 ι.
1170 4183 1232 4262 iiie
1257 4187 1304 4258 22
