3130 4920
563 375 610 394 -
638 343 708 412 ala
736 375 782 394 -

404 480 505 554 Petri
528 481 695 572 simulem
718 481 806 554 Filio

309 594 448 686 bibiena
474 595 597 668 Sancte
624 593 771 686 Spiritus

307 709 402 782 Sient
424 705 491 800 init
514 708 558 781 sit
575 707 706 798 jupiter

307 821 490 894 saeculnm
509 839 576 914 per
602 837 700 892 omne
725 816 850 911 plocio.
877 818 994 890 Amen.

584 1041 775 1135 Antiphone

136 1173 297 1265 Princeps
322 1170 574 1263 gloriosissime,
601 1169 749 1244 Micboei
766 1167 980 1262 ,lrcbonpele
997 1175 1066 1244 esto
1087 1187 1218 1243 memor
1233 1185 1294 1242 no·

78 1283 219 1366 tribio
251 1289 284 1356 et
312 1284 437 1375 ebione
468 1301 599 1376 semper
632 1281 817 1375 deprecere
841 1301 909 1376 pro
942 1283 1039 1356 nobis
1071 1284 1196 1356 Filium
1223 1281 1296 1354 oet.

77 1399 226 1487 tileluje,
254 1397 414 1487 dilatoria.

136 1518 168 1582 t.
196 1511 240 1582 ln
267 1513 446 1601 conspecto
471 1509 681 1602 inpeterent
702 1509 857 1601 psotlom
884 1509 945 1582 tibi
964 1510 1054 1582 Dens
1070 1525 1174 1582 meos.

135 1639 168 1702 a.
194 1617 361 1694 Adorobo
388 1619 437 1694 od
465 1623 640 1714 Templum
666 1622 830 1694 83331333
848 1625 956 1703 tunm,
982 1621 1295 1714 3333131333-

76 1733 149 1806 mini
174 1739 246 1808 too.

588 1865 777 1921 oauuus

138 1962 240 2041 Dens,
269 1959 328 2050 gai
353 1959 442 2033 miro
469 1959 589 2033 ordine
609 1961 819 2053 lopelornm
835 1959 1039 2043 ministerio,
1057 1958 1300 2053 bominumque

78 2069 265 2166 depensum
291 2071 436 2144 concede
455 2073 639 2166 propitias,
666 2077 705 2146 nt
736 2093 761 2144 o
793 2073 914 2165 gnibns
943 2074 1005 2146 tibi
1027 2074 1301 2148 ministrantibus

78 2185 107 2256 in
131 2185 230 2258 Coelo
256 2203 388 2276 semper
413 2186 602 2267 assistitur,
628 2183 673 2260 ob
708 2183 760 2258 bis
791 2186 829 2260 in
855 2191 949 2260 terra
981 2187 1055 2260 vite
1081 2191 1200 2260 nostro
1225 2205 1300 2260 nerc-

79 2295 197 2370 niotur.
223 2297 291 2370 Per
316 2296 502 2370 Dominam
528 2299 589 2371 etc.

650 2493 715 2569 CI).

625 2609 745 2695 una'rs

141 2745 232 2820 later
258 2746 431 2839 obsequia,
458 2765 545 2838 quae
570 2747 796 2821 Sacrosaneris
821 2747 1001 2840 Religionis
1027 2753 1160 2822 nostrae
1184 2744 1304 2820 diuinis

80 2857 235 2947 llysleriis
268 2857 507 2932 Christilideles
541 2858 671 2934 deterre
696 2866 960 2945 consueverunt,
986 2859 1068 2932 illud
1091 2859 1304 2954 potissimum

79 2967 140 3041 lico
166 2977 371 3063 pergratum,
397 2979 431 3044 el
455 2970 575 3045 iisdem
599 2972 680 3046 utile
706 2970 841 3056 accidit,
867 2979 905 3046 ut
928 2972 1097 3045 Passionis
1127 2972 1304 3046 salvatoris

79 3079 180 3156 l'oslri
205 3084 286 3156 iesu
312 3083 434 3156 Christi
450 3084 606 3175 lllysteria
631 3084 825 3168 recolentes,
844 3090 877 3158 31
897 3083 1131 3156 abstrahantur
1148 3101 1166 3155 3
1183 3083 1304 3166 noxiis,

79 3193 173 3266 elad
196 3196 352 3269 salutaria
378 3195 572 3288 dirigantur.
599 3197 671 3283 Qua
688 3195 731 3270 de
746 3215 784 3269 re
804 3195 1041 3269 sanctissimus
1065 3194 1226 3266 Dominus
1242 3195 1306 3266 No

80 3311 141 3378 sier
164 3307 243 3380 Pius
266 3309 328 3382 ΡΡ.
345 3309 404 3380 Vll
422 3309 464 3382 ad
482 3308 668 3400 aagendam
692 3307 842 3381 fidelium
869 3306 1092 3390 devotionem,
1110 3303 1305 3378 lovennam-

79 3431 141 3505 gue
157 3425 191 3492 et
206 3419 417 3494 excitandam
434 3421 631 3494 memoriam
653 3439 731 3512 erga
747 3421 962 3495 monuments
988 3418 1155 3493 Passionis
1173 3415 1305 3501 Christi,

81 3533 111 3601 31
132 3533 277 3605 maxime
302 3534 510 3626 praeclarum
528 3533 609 3606 illud
628 3533 768 3606 Scnalae
791 3534 943 3618 Sanctae,
962 3531 1079 3623 inqua
1104 3529 1307 3621 Redemptor

81 3639 236 3718 Dominus
262 3663 323 3738 per
348 3647 498 3738 singulos
523 3647 610 3719 illius
634 3645 759 3738 gruum
775 3663 845 3718 non
861 3645 967 3718 semel
991 3650 1121 3718 1331333
1146 3637 1306 3724 aseendit,

82 3756 113 3824 31
136 3753 302 3848 Sanguine
330 3758 399 3831 833
426 3759 573 3851 pretioso
597 3757 819 3847 consecrarit3
845 3757 1030 3848 sciensque
1055 3763 1093 3829 ul
1117 3754 1226 3846 dignis
1247 3752 1309 3826 ire

82 3873 255 3954 quenletur
279 3870 483 3956 honoribus,
510 3877 543 3943 31
575 3871 676 3943 simul
700 3869 816 3943 fideles
842 3868 885 3941 ad
909 3867 990 3942 illud
1015 3867 1222 3940 confluentes
1251 3865 1309 3938 be·

85 3976 199 4052 uellcia
220 3983 345 4074 majora
370 3982 573 4076 pertrabant,
599 3999 663 4056 nec
679 3999 747 4054 non
768 3981 811 4054 ad
836 3981 1067 4054 detunctorum
1091 3975 1240 4050 bdelium
1264 3977 1309 4049 13

86 4103 217 4177 samen,
243 4100 277 4167 et
301 4096 456 4168 solatium
489 4093 671 4183 redundet3
697 4092 897 4168 reserandos
929 4095 1103 4185 propterea
1137 4087 1207 4161 Sibi
1232 4107 1308 4162 esse

88 4199 254 4278 thesauros
278 4205 447 4281 Ecclesiae
472 4208 612 4293 censuit,
637 4225 678 4280 33
701 4205 997 4300 supplicationibus
1023 4201 1163 4296 Capituli
1189 4209 1222 4276 et
1247 4200 1308 4273 Ca·

89 4315 277 4394 aculeorum
303 4320 513 4396 patriarchali
545 4319 776 4396 Lateranensis
801 4317 958 4393 basilicae
982 4333 1085 4409 super
1108 4314 1174 4388 boo
1197 4329 1310 4407 porra
