3254 4914
326 329 375 399 72

287 461 473 540 bubemimi
488 464 617 539 tructus
633 469 869 559 provenerunt,
886 463 1124 538 sanctissimus
1139 463 1303 540 Dominus
1318 465 1434 542 Noster
1448 469 1520 541 Gra·

208 633 212 642 .
287 577 402 676 gorius
426 578 489 652 ΡΡ.
515 577 592 654 llVl
618 596 662 652 en
687 576 799 674 auimo
825 576 1075 663 commendans,
1102 583 1141 656 et¹
1160 583 1198 651 ut
1222 577 1345 654 exinde
1364 582 1482 674 majora
1495 580 1524 652 io

286 689 514 786 spiritualibus
540 697 574 764 et
598 690 836 784 temporalibus
852 686 904 761 'ad
929 689 990 763 liei
1014 689 1153 781 gloriam
1174 692 1426 785 animammqoe
1449 692 1524 766 salo·

286 809 355 878 tem
380 802 586 906 incrementa
609 803 778 897 suscipiat,
805 819 924 876 omnes
941 807 975 876 et
991 801 1139 894 singulas
1155 801 1381 897 indulgentias
1405 816 1449 878 ac
1465 805 1523 878 Pri·

285 915 404 1007 rilegia
429 915 464 988 in
489 914 621 990 adnexo
646 915 846 998 summario,
869 914 917 989 uti
933 913 1125 988 authentico
1141 932 1160 985 a
1177 913 1253 986 Sac.
1278 912 1524 1009 congregatione

286 1026 571 1120 indulgentiarum
595 1027 777 1120 recognito,
796 1025 1172 1110 recensitas‘rerocatis
1190 1031 1302 1099 tauma
1328 1028 1525 1120 quibuscum·

285 1157 353 1234 qne
371 1141 652 1216 concessionibus
666 1141 877 1232 generalibus
896 1138 1175 1234 praecedentibus
1189 1138 1299 1214 eidem
1315 1141 1374 1214 Pio
1390 1141 1524 1215 instituto

283 1251 494 1346 spostolicae
519 1251 734 1346 benignitatis
761 1253 927 1327 charitate
953 1252 1142 1345 impertitus
1159 1258 1221 1338 est,
1248 1254 1389 1327 servatis
1404 1269 1524 1328 serran-

284 1363 337 1439 dis
362 1365 398 1440 in
423 1365 496 1459 ipso
521 1365 710 1439 Summario
735 1363 962 1459 praescriptis,
988 1363 1161 1457 spaciatim
1187 1382 1267 1438 vero
1284 1370 1322 1439 ut
1347 1383 1409 1458 pro
1432 1363 1526 1438 ludul-

283 1478 404 1572 gentiis
426 1475 586 1554 Plenarlis
611 1477 825 1572 acquirendis
851 1477 1107 1552 sacramentalis
1132 1475 1306 1552 Confessio
1331 1496 1373 1552 ac
1386 1479 1421 1550 S.
1441 1477 1524 1552 Com·

282 1590 400 1664 munio
424 1591 555 1664 statutis
580 1589 700 1664 diebos
725 1591 990 1684 praemittantur,
1008 1607 1072 1664 nec
1087 1607 1158 1662 nou
1184 1589 1326 1662 visitatio
1352 1589 1525 1683 perficiatur

283 1701 461 1786 Ecclesiae,
488 1703 542 1784 vel
568 1703 692 1795 proprii
717 1701 835 1776 sacelli
861 1701 904 1774 ad
924 1719 1042 1795 preces
1067 1718 1129 1793 pro
1155 1701 1345 1775 Catholicae
1361 1699 1523 1793 Religionis

284 1813 493 1888 exaltatione.
520 1814 704 1888 Haarosum
730 1815 969 1908 extirpatione,
996 1813 1189 1907 Principum
1215 1813 1521 1905 concordiamque

281 1927 377 2019 Juxta
402 1933 551 2000 montem
576 1928 707 2001 Summi
731 1927 901 2001 Pontificio
927 1927 1028 2001 enixe
1053 1923 1284 2000 effundendas.
1309 1926 1386 2001 Non
1409 1926 1524 2000 obstan·

283 2037 373 2112 ribos
398 2037 669 2132 quibuscumque
692 2040 729 2114 in
753 2039 956 2114 contrariom
980 2037 1191 2112 iacientibus.
1210 2038 1384 2112 Praesenti
1409 2038 1442 2112 in
1464 2055 1525 2132 per·

284 2155 425 2244 petoum
450 2150 589 2224 ruituro
614 2151 744 2244 absque
768 2152 835 2225 nlla
859 2149 974 2228 Brevis
999 2148 1223 2243 expeditione.

365 2264 486 2337 batum
511 2265 637 2340 Romae
661 2283 705 2338 ex
730 2263 913 2340 secretaria
926 2265 999 2336 sau
1017 2261 1293 2356 congregationis
1317 2259 1524 2356 indulgentia

283 2393 360 2450 rum
385 2375 441 2452 dio
469 2376 663 2472 lt'Aprilis
691 2381 797 2452 lbet.

931 2488 972 2563 b
998 2488 1102 2562 Cano.
1128 2488 1260 2562 Faosbu
1285 2489 1409 2564 Pasas.

809 2603 849 2677 L.
875 2598 1156 2696 archiepiscopus
1175 2599 1393 2678 Attacorum
1417 2600 1523 2678 Soorct

844 2801 985 2902 xxvrt

286 3003 492 3070 summarium
512 3004 773 3090 trtutporrtnrun
799 3020 873 3086 porro
897 3003 953 3069 sub
977 3002 1023 3068 dir
1043 3003 1062 3068 7
1081 3003 1168 3069 tuuis·
1189 3002 1269 3069 isat
1294 3021 1444 3108 moremur
1461 3005 1520 3066 scot

367 3115 438 3180 Pion
458 3114 594 3180 murue
614 3115 741 3180 Parisiis
754 3115 908 3179 institutor
927 3113 984 3179 snb
1004 3112 1090 3178 titulo
1102 3121 1131 3178 ct
1140 3115 1319 3196 protadium
1332 3116 1363 3180 S.
1381 3107 1519 3179 moerori

367 3223 456 3306 llrpr's
478 3222 763 3320 Concubirrorr'orrrrrt
788 3221 981 3290 detrimento
1005 3221 1039 3286 irr
1059 3222 1163 3307 [eciem
1188 3223 1332 3289 Eerbstoc
1349 3215 1517 3308 procurarit

371 3347 470 3396 ceusu.
674 3341 678 3348 ·

372 3494 416 3558 l.⁰
437 3493 630 3576 indulgentia
650 3493 788 3559 Plauaria
810 3493 947 3574 quotibet
966 3509 1049 3557 anno
1067 3492 1117 3559 dic
1138 3491 1178 3558 ld
1199 3493 1312 3558 mansis
1332 3493 1415 3558 lunii
1440 3486 1518 3556 locri·

289 3586 427 3652 iacienda
448 3587 531 3670 (qua
552 3587 601 3652 die
614 3588 645 3653 S.
660 3587 812 3654 Franclscl
833 3587 925 3667 lingis
946 3585 1082 3666 hujusne·
1095 3586 1253 3651 societatis
1273 3587 1395 3652 Patroni
1419 3585 1515 3649 tastum

288 3681 460 3764 recolitur)
482 3682 522 3747 ab
542 3682 711 3763 adscriptis,
732 3681 784 3763 qui
806 3681 864 3746 rite
883 3679 1014 3760 confessi
1034 3678 1186 3761 Sacraque
1206 3679 1321 3759 synaxi
1349 3677 1447 3744 retorti
1471 3687 1516 3756 pro

289 3777 371 3844 bono
392 3777 566 3842 Catholicae
586 3776 762 3860 Religionis,
782 3781 813 3844 et
833 3779 999 3857 augmento
1012 3775 1112 3840 dictae
1125 3774 1283 3842 societatis
1303 3775 1368 3856 pias
1381 3773 1418 3838 ad
1434 3771 1516 3836 brom

249 3899 252 3907 λ
285 3888 391 3955 preces
411 3870 585 3937 eliodcrint.

368 3965 414 4030 2⁰
435 3965 628 4046 indulgentia
644 3966 749 4032 itidem
763 3965 900 4030 Plenaria
914 3965 946 4030 in
961 3965 1088 4031 articulo
1109 3965 1214 4030 mortis
1230 3981 1284 4045 pro
1297 3962 1459 4044 adscriptis,
1471 3953 1515 4038 poi
1589 4005 1590 4022 .

180 4127 182 4132 ,
286 4059 490 4126 Confessionis
500 4067 531 4126 et
542 4060 772 4126 communionis
786 4060 988 4127 sacramentis
1003 4060 1101 4124 lulciti
1121 4065 1175 4124 aut
1188 4058 1296 4124 saltem
1309 4059 1333 4122 sl
1347 4058 1397 4124 illa
1410 4065 1514 4120 sumere

286 4155 494 4248 nuperimunt,
513 4157 645 4221 contrito
666 4155 758 4221 corde
778 4155 1011 4224 sanctissimum
1030 4155 1101 4222 Jcsn
1122 4155 1237 4221 Nomen
1259 4169 1340 4234 vore,
1360 4149 1426 4218 etsi
1444 4139 1513 4212 band

287 4247 443 4316 'valuerint
463 4250 555 4316 cordo
574 4250 769 4317 invocabunt.
