3134 4918
590 377 637 394 -
664 347 728 412 :lul
762 378 807 395 -

95 486 205 553 censet.
232 481 348 552 llunet
379 485 509 564 tamen,
543 479 635 571 quod
660 481 690 552 si
714 482 749 554 in
774 499 987 574 quacumque
1019 482 1171 574 ejusdem
1204 487 1315 579 operis

93 593 243 665 ullumne
259 611 323 665 seu
340 593 754 685 versionecujuscumque
765 594 937 688 ¹idiomatis
954 603 1022 668 tam
1040 597 1073 667 in
1091 597 1194 682 Urbe,
1212 619 1315 691 quam

93 713 168 776 extra
183 713 334 788 exarata,
349 705 402 776 rel
420 723 507 796 quae
524 705 654 777 exarari
671 707 850 797 conlingat,
868 706 1007 780 dubium
1025 708 1161 799 aliquod
1172 709 1316 786 subinde

92 817 264 899 emerserit,
292 818 364 889 sire
390 817 501 908 quoad
526 817 811 909 indulgentiarum
837 821 1083 904 concessiones
1108 823 1180 895 sire
1205 825 1318 914 quoad

93 931 305 1021 praescriptas
338 929 565 1002 condictiones
597 929 844 1022 adimplendas,
871 930 914 1003 od
946 940 1155 1023 praesentem
1187 941 1316 1010 tantum

89 1043 262 1112 llumanam
281 1041 482 1114 edictionem
499 1043 564 1114 buc
585 1061 674 1114 annu
700 1043 877 1115 millesimo
900 1045 1174 1135 octingentesimo
1192 1049 1315 1140 trigen-

89 1155 197 1225 tesimo
210 1154 324 1246 primo
341 1153 429 1245 typis
447 1154 737 1244 Peregu·Salvioni
755 1155 904 1246 gnaviter
921 1174 1092 1240 excusam,
1110 1165 1143 1231 et
1159 1160 1193 1231 in
1211 1161 1316 1253 ipsius

88 1263 146 1336 Sar.
165 1265 447 1356 congregationis
463 1267 647 1338 Secretarla
664 1275 868 1340 asservalam
890 1285 1047 1340 recursus
1073 1269 1252 1362 lubealur3
1278 1293 1317 1347 ac

88 1385 250 1470 praeterea
276 1397 439 1471 praeseus
463 1380 654 1463 Decretum,
681 1387 719 1451 ul
743 1381 899 1454 omnibus
924 1381 1068 1473 patelial,
1087 1385 1175 1476 lypis
1194 1386 1317 1478 pariter

87 1490 282 1582 impressum
308 1489 351 1562 ad
376 1490 501 1562 calcem
524 1499 729 1564 memoratae
754 1490 927 1565 edictionis
944 1495 1066 1585 apponi
1084 1497 1198 1580 uoluit,
1215 1504 1316 1588 atque

87 1601 260 1676 mundavit.
286 1603 407 1676 Datum
432 1603 557 1675 Romae
583 1622 628 1676 ea
653 1604 834 1676 Secrelaria
867 1606 1032 1698 praelatae
1064 1608 1138 1680 Sao.
1169 1609 1315 1702 Congre-

87 1715 219 1804 gationis
247 1713 376 1808 lodulg.
403 1733 443 1788 ac
467 1715 541 1787 Sao.
568 1714 798 1805 Reliquiarum
823 1715 878 1788 die
904 1721 951 1788 30
976 1716 1099 1809 Aprilis
1130 1724 1235 1793 l83l.

666 1825 706 1898 Α.
733 1826 837 1898 Canu.
863 1829 997 1900 Fnosrur
1022 1830 1144 1903 Panum.

522 1942 563 2012 l.
590 1940 699 2012 Piolli
723 1939 880 2032 Arclrlep.
911 1942 1141 2034 Temperantia
1167 1947 1290 2022 Seerel.

623 2137 773 2209 CDLVll.

151 2281 284 2336 omnus
310 2281 540 2336 sauermsmna
569 2283 752 2336 murmanus
777 2282 931 2336 remanum
957 2285 1244 2340 nrscancnnrouuu

152 2391 394 2463 Sanctissimns
407 2390 571 2462 Dominus
583 2390 705 2462 Noster
717 2390 898 2481 Gregorius
913 2391 974 2462 PP.
989 2391 1065 2463 Xl'l
1078 2392 1316 2464 Universorum

84 2500 228 2574 bdelium
254 2501 354 2574 saluti
377 2520 480 2594 quam
505 2500 653 2573 maxima
668 2501 897 2574 solleciludine
914 2503 1133 2594 prospiciens
1151 2509 1184 2576 et
1200 2521 1317 2576 corum

83 2615 295 2704 praesertim,
322 2633 467 2705 quorum
502 2615 633 2686 amimae
658 2613 701 2686 de
726 2615 923 2707 corporibus
949 2622 1071 2688 exutae
1096 2615 1318 2708 piacularibus

84 2725 224 2800 flammis
241 2727 276 2798 ln
293 2727 487 2818 l‘nrgalorio
503 2732 713 2818 premuntur,
731 2727 839 2817 iisque
856 2727 991 2818 aliquod
1004 2729 1159 2802 solatium
1176 2734 1209 2802 el
1229 2729 1318 2800 lova·

84 2856 159 2910 men
182 2838 228 2911 de
252 2839 353 2912 bouis
377 2839 546 2911 Ecclesiae
572 2837 719 2911 thesauri
745 2837 878 2910 adicere
901 2857 1117 2932 summopere
1141 2847 1317 2934 exoptans,

85 2947 275 3022 humillimis
301 2949 458 3042 precibus
483 2950 590 3022 Patris
614 2950 842 3022 procuratoris
858 2950 1031 3022 Generalis
1046 2951 1181 3024 Ordinis
1196 2950 1319 3024 biscai-

85 3069 249 3134 cealorum
264 3062 502 3134 Sanctissimae
517 3061 683 3132 Trinitatis
700 3061 742 3132 de
759 3059 964 3133 redimendis
978 3060 1123 3152 Captiuis
1138 3062 1320 3136 clementer

85 3175 243 3267 acceptis,
278 3174 463 3264 l‘rirllegiis
488 3179 521 3245 et
554 3172 676 3244 Gratiis
701 3191 721 3243 a
744 3172 923 3245 benedicto
955 3173 1031 3243 xlv
1057 3172 1319 3246 Praedeeessore

84 3303 144 3358 suu
173 3287 255 3358 huie
280 3284 396 3358 Ordinl
422 3285 599 3358 cumulatis
625 3284 685 3357 alia
711 3285 885 3376 sequentis
917 3283 1042 3356 tenuris
1067 3303 1129 3375 pru
1154 3283 1319 3357 delunclis

85 3403 208 3471 lantum
242 3397 418 3489 adjunxit,
459 3404 492 3469 el
530 3396 645 3480 anxit,
680 3414 803 3488 nempe
839 3394 1069 3485 quotidianum
1107 3394 1318 3485 l‘rivilegium

84 3507 199 3582 ditaris
225 3511 391 3601 cujusque
424 3509 562 3601 praelati
594 3507 729 3581 Ordinis
753 3508 921 3580 Ecclesiae
947 3526 1009 3599 pro
1033 3507 1143 3581 blissis
1169 3524 1256 3598 qrrae
1283 3507 1318 3578 in

85 3619 212 3710 ipsulm
239 3621 436 3713 suffragium
462 3622 616 3693 Fratrum
650 3619 882 3692 deiunctornm
915 3620 1141 3704 celebrantur,
1167 3616 1319 3692 exlendit

85 3729 128 3802 ad
148 3733 258 3807 llltare
284 3734 384 3806 eliam
410 3733 620 3824 singularum
645 3733 879 3817 Ecclesiarnm,
901 3733 1213 3805 confraternitatum
1230 3749 1319 3822 quae

85 3839 188 3916 eidem
213 3842 332 3917 Ordini
357 3849 556 3935 aggregatae
572 3849 652 3916 sunl
668 3861 707 3915 ac
723 3860 942 3933 eorumquae
959 3844 992 3914 in
1010 3848 1181 3934 posterum
1200 3857 1317 3932 aggre-

86 3953 258 4043 gabunlnr.

154 4068 295 4160 iusuper
318 4068 443 4141 Altaria
467 4069 581 4142 omnia
598 4068 840 4160 cujuscumque
857 4067 979 4160 pariter
995 4063 1162 4138 eeclesiae
1182 4064 1318 4138 Ordinis

87 4181 155 4249 tum
178 4180 464 4254 Gonlralernitatis
480 4180 597 4253 Ordini
614 4179 800 4272 adscriptae
817 4179 871 4252 die
888 4179 999 4251 obitus
1023 4195 1083 4249 seu
1101 4176 1318 4269 depositionis

88 4291 348 4387 uniuscujusque
373 4293 542 4387 Religiosi,
560 4299 618 4367 aul
634 4291 825 4378 Gonlralris,
843 4309 904 4366 seu
921 4291 1021 4364 etiam
1037 4289 1092 4364 die
1116 4307 1182 4381 qua
1199 4307 1317 4364 eurum
