<?xml version="1.0" encoding="UTF-8"?>
<!DOCTYPE html PUBLIC "-//W3C//DTD XHTML 1.0 Transitional//EN"
    "http://www.w3.org/TR/xhtml1/DTD/xhtml1-transitional.dtd">
<html xmlns="http://www.w3.org/1999/xhtml" xml:lang="en" lang="en">
 <head>
  <title>
</title>
<meta http-equiv="Content-Type" content="text/html;charset=utf-8" />
  <meta name='ocr-system' content='tesseract 3.04.00' />
  <meta name='ocr-capabilities' content='ocr_page ocr_carea ocr_par ocr_line ocrx_word'/>
</head>
<body>
  <div class='ocr_page' id='page_1' title='image "./resolutionesseu00pringoog_0541.png"; bbox 0 0 3182 4922; ppageno 0'>
   <div class='ocr_carea' id='block_1_1' title="bbox 754 340 975 406">
    <p class='ocr_par' dir='ltr' id='par_1_1' title="bbox 754 340 975 406">
     <span class='ocr_line' id='line_1_1' title="bbox 754 340 975 406; baseline 0 -1"><span class='ocrx_word' id='word_1_1' title='bbox 754 340 975 406; x_wconf 81' lang='lat' dir='ltr'>-ttsu-</span> 
     </span>
    </p>
   </div>
   <div class='ocr_carea' id='block_1_2' title="bbox 245 471 1505 3248">
    <p class='ocr_par' dir='ltr' id='par_1_2' title="bbox 245 471 1505 3248">
     <span class='ocr_line' id='line_1_2' title="bbox 245 471 1488 568; baseline -0.002 -19"><span class='ocrx_word' id='word_1_2' title='bbox 245 476 417 568; x_wconf 81' lang='lat' dir='ltr'><strong>generales</strong></span> <span class='ocrx_word' id='word_1_3' title='bbox 441 474 677 548; x_wconf 89' lang='lat' dir='ltr'>concessiones</span> <span class='ocrx_word' id='word_1_4' title='bbox 703 472 931 566; x_wconf 83' lang='lat' dir='ltr'>Indulgentiae</span> <span class='ocrx_word' id='word_1_5' title='bbox 947 479 1028 545; x_wconf 93' lang='lat' dir='ltr'>snnl</span> <span class='ocrx_word' id='word_1_6' title='bbox 1044 472 1199 544; x_wconf 84' lang='lat' dir='ltr'>fidelibus</span> <span class='ocrx_word' id='word_1_7' title='bbox 1215 471 1382 563; x_wconf 89' lang='lat' dir='ltr'>elargitae,</span> <span class='ocrx_word' id='word_1_8' title='bbox 1400 489 1488 546; x_wconf 93' lang='lat' dir='ltr'>non·</span> 
     </span>
     <span class='ocr_line' id='line_1_3' title="bbox 245 581 1489 678; baseline -0.004 -18"><span class='ocrx_word' id='word_1_9' title='bbox 245 587 356 660; x_wconf 91' lang='lat' dir='ltr'>nullae</span> <span class='ocrx_word' id='word_1_10' title='bbox 380 605 424 659; x_wconf 84' lang='lat' dir='ltr'>ex</span> <span class='ocrx_word' id='word_1_11' title='bbox 440 587 481 658; x_wconf 89' lang='lat' dir='ltr'>iis</span> <span class='ocrx_word' id='word_1_12' title='bbox 498 585 716 677; x_wconf 72' lang='lat' dir='ltr'>indulgentiis</span> <span class='ocrx_word' id='word_1_13' title='bbox 741 604 811 658; x_wconf 96' lang='lat' dir='ltr'>non</span> <span class='ocrx_word' id='word_1_14' title='bbox 837 585 1046 678; x_wconf 80' lang='lat' dir='ltr'>reperiantur</span> <span class='ocrx_word' id='word_1_15' title='bbox 1070 583 1227 657; x_wconf 84' lang='lat' dir='ltr'>tidelbns</span> <span class='ocrx_word' id='word_1_16' title='bbox 1243 581 1411 656; x_wconf 89' lang='lat' dir='ltr'>deiunctis</span> <span class='ocrx_word' id='word_1_17' title='bbox 1429 603 1489 678; x_wconf 91' lang='lat' dir='ltr'>ap-</span> 
     </span>
     <span class='ocr_line' id='line_1_4' title="bbox 245 695 1491 792; baseline -0.002 -20"><span class='ocrx_word' id='word_1_18' title='bbox 245 699 426 792; x_wconf 89' lang='lat' dir='ltr'>plicabiles,</span> <span class='ocrx_word' id='word_1_19' title='bbox 452 699 632 771; x_wconf 84' lang='lat' dir='ltr'>nonnullae</span> <span class='ocrx_word' id='word_1_20' title='bbox 656 717 737 790; x_wconf 78' lang='lat' dir='ltr'>vero</span> <span class='ocrx_word' id='word_1_21' title='bbox 762 717 881 791; x_wconf 80' lang='lat' dir='ltr'>preces</span> <span class='ocrx_word' id='word_1_22' title='bbox 898 698 1025 789; x_wconf 87' lang='lat' dir='ltr'>quibos</span> <span class='ocrx_word' id='word_1_23' title='bbox 1042 696 1195 770; x_wconf 83' lang='lat' dir='ltr'>adnexae</span> <span class='ocrx_word' id='word_1_24' title='bbox 1211 703 1292 769; x_wconf 91' lang='lat' dir='ltr'>sunl</span> <span class='ocrx_word' id='word_1_25' title='bbox 1306 695 1491 789; x_wconf 89' lang='lat' dir='ltr'>lndulgen-</span> 
     </span>
     <span class='ocr_line' id='line_1_5' title="bbox 245 809 1492 901; baseline 0 -19"><span class='ocrx_word' id='word_1_26' title='bbox 245 812 321 894; x_wconf 89' lang='lat' dir='ltr'>tiae,</span> <span class='ocrx_word' id='word_1_27' title='bbox 347 812 449 883; x_wconf 92' lang='lat' dir='ltr'>latino</span> <span class='ocrx_word' id='word_1_28' title='bbox 474 817 602 884; x_wconf 74' lang='lat' dir='ltr'>mnium</span> <span class='ocrx_word' id='word_1_29' title='bbox 619 811 672 882; x_wconf 85' lang='lat' dir='ltr'>rel</span> <span class='ocrx_word' id='word_1_30' title='bbox 689 810 799 883; x_wconf 89' lang='lat' dir='ltr'>italico</span> <span class='ocrx_word' id='word_1_31' title='bbox 817 810 973 884; x_wconf 81' lang='lat' dir='ltr'>idiomate</span> <span class='ocrx_word' id='word_1_32' title='bbox 998 809 1141 900; x_wconf 86' lang='lat' dir='ltr'>scriptae</span> <span class='ocrx_word' id='word_1_33' title='bbox 1166 809 1244 892; x_wconf 93' lang='lat' dir='ltr'>sint,</span> <span class='ocrx_word' id='word_1_34' title='bbox 1271 815 1305 880; x_wconf 91' lang='lat' dir='ltr'>et</span> <span class='ocrx_word' id='word_1_35' title='bbox 1329 825 1410 882; x_wconf 90' lang='lat' dir='ltr'>enm</span> <span class='ocrx_word' id='word_1_36' title='bbox 1428 827 1492 901; x_wconf 92' lang='lat' dir='ltr'>pro</span> 
     </span>
     <span class='ocr_line' id='line_1_6' title="bbox 246 920 1493 1012; baseline 0 -18"><span class='ocrx_word' id='word_1_37' title='bbox 246 921 472 994; x_wconf 88' lang='lat' dir='ltr'>tertiadecima</span> <span class='ocrx_word' id='word_1_38' title='bbox 496 923 569 994; x_wconf 88' lang='lat' dir='ltr'>rice</span> <span class='ocrx_word' id='word_1_39' title='bbox 593 921 711 995; x_wconf 88' lang='lat' dir='ltr'>eadem</span> <span class='ocrx_word' id='word_1_40' title='bbox 737 922 894 995; x_wconf 83' lang='lat' dir='ltr'>collectio</span> <span class='ocrx_word' id='word_1_41' title='bbox 917 923 961 994; x_wconf 89' lang='lat' dir='ltr'>sit</span> <span class='ocrx_word' id='word_1_42' title='bbox 978 924 1047 1012; x_wconf 79' lang='lat' dir='ltr'>jam</span> <span class='ocrx_word' id='word_1_43' title='bbox 1061 921 1130 1012; x_wconf 74' lang='lat' dir='ltr'>iarn</span> <span class='ocrx_word' id='word_1_44' title='bbox 1157 920 1353 1012; x_wconf 82' lang='lat' dir='ltr'>evulganda,</span> <span class='ocrx_word' id='word_1_45' title='bbox 1379 922 1493 994; x_wconf 85' lang='lat' dir='ltr'>enixis</span> 
     </span>
     <span class='ocr_line' id='line_1_7' title="bbox 248 1033 1494 1126; baseline -0.001 -20"><span class='ocrx_word' id='word_1_46' title='bbox 248 1033 403 1126; x_wconf 87' lang='lat' dir='ltr'>precibus</span> <span class='ocrx_word' id='word_1_47' title='bbox 429 1033 683 1106; x_wconf 84' lang='lat' dir='ltr'>sanctissimum</span> <span class='ocrx_word' id='word_1_48' title='bbox 708 1034 888 1106; x_wconf 89' lang='lat' dir='ltr'>Dominum</span> <span class='ocrx_word' id='word_1_49' title='bbox 918 1033 1077 1106; x_wconf 90' lang='lat' dir='ltr'>Nostrum</span> <span class='ocrx_word' id='word_1_50' title='bbox 1101 1033 1196 1105; x_wconf 86' lang='lat' dir='ltr'>Pium</span> <span class='ocrx_word' id='word_1_51' title='bbox 1223 1033 1285 1105; x_wconf 87' lang='grc' dir='ltr'>ΡΡ.</span> <span class='ocrx_word' id='word_1_52' title='bbox 1311 1033 1357 1103; x_wconf 87' lang='lat' dir='ltr'>lx</span> <span class='ocrx_word' id='word_1_53' title='bbox 1374 1033 1494 1124; x_wconf 87' lang='lat' dir='ltr'>rogari</span> 
     </span>
     <span class='ocr_line' id='line_1_8' title="bbox 247 1143 1496 1238; baseline -0.002 -20"><span class='ocrx_word' id='word_1_54' title='bbox 247 1161 310 1238; x_wconf 91' lang='lat' dir='ltr'>ego</span> <span class='ocrx_word' id='word_1_55' title='bbox 335 1145 565 1237; x_wconf 84' lang='lat' dir='ltr'>intrasertptns</span> <span class='ocrx_word' id='word_1_56' title='bbox 591 1147 796 1218; x_wconf 89' lang='lat' dir='ltr'>Secrelarlae</span> <span class='ocrx_word' id='word_1_57' title='bbox 812 1147 886 1217; x_wconf 88' lang='lat' dir='ltr'>Suc.</span> <span class='ocrx_word' id='word_1_58' title='bbox 904 1144 1178 1236; x_wconf 85' lang='lat' dir='ltr'>congregationis</span> <span class='ocrx_word' id='word_1_59' title='bbox 1203 1143 1496 1235; x_wconf 78' lang='lat' dir='ltr'>indulgentiarum</span> 
     </span>
     <span class='ocr_line' id='line_1_9' title="bbox 248 1255 1494 1349; baseline -0.002 -19"><span class='ocrx_word' id='word_1_60' title='bbox 248 1258 454 1331; x_wconf 81' lang='lat' dir='ltr'>substitutus</span> <span class='ocrx_word' id='word_1_61' title='bbox 469 1259 502 1330; x_wconf 94' lang='lat' dir='ltr'>ln</span> <span class='ocrx_word' id='word_1_62' title='bbox 516 1257 692 1331; x_wconf 82' lang='lat' dir='ltr'>Audienlia</span> <span class='ocrx_word' id='word_1_63' title='bbox 707 1259 817 1331; x_wconf 87' lang='lat' dir='ltr'>babila</span> <span class='ocrx_word' id='word_1_64' title='bbox 831 1257 885 1331; x_wconf 90' lang='lat' dir='ltr'>die</span> <span class='ocrx_word' id='word_1_65' title='bbox 901 1263 946 1328; x_wconf 83' lang='lat'>30</span> <span class='ocrx_word' id='word_1_66' title='bbox 961 1257 1168 1349; x_wconf 88' lang='lat' dir='ltr'>Septembris</span> <span class='ocrx_word' id='word_1_67' title='bbox 1184 1261 1278 1330; x_wconf 78' lang='lat' dir='ltr'>l852</span> <span class='ocrx_word' id='word_1_68' title='bbox 1292 1261 1328 1330; x_wconf 91' lang='lat' dir='ltr'>ul</span> <span class='ocrx_word' id='word_1_69' title='bbox 1341 1255 1386 1329; x_wconf 90' lang='lat' dir='ltr'>de</span> <span class='ocrx_word' id='word_1_70' title='bbox 1399 1257 1494 1349; x_wconf 76' lang='lat' dir='ltr'>Apo·</span> 
     </span>
     <span class='ocr_line' id='line_1_10' title="bbox 247 1368 1495 1460; baseline 0.001 -19"><span class='ocrx_word' id='word_1_71' title='bbox 247 1371 361 1443; x_wconf 89' lang='lat' dir='ltr'>stolica</span> <span class='ocrx_word' id='word_1_72' title='bbox 379 1371 447 1442; x_wconf 90' lang='lat' dir='ltr'>Sua</span> <span class='ocrx_word' id='word_1_73' title='bbox 473 1370 679 1460; x_wconf 85' lang='lat' dir='ltr'>benignitate</span> <span class='ocrx_word' id='word_1_74' title='bbox 704 1369 886 1442; x_wconf 90' lang='lat' dir='ltr'>clementer</span> <span class='ocrx_word' id='word_1_75' title='bbox 910 1369 1084 1460; x_wconf 91' lang='lat' dir='ltr'>indulgere</span> <span class='ocrx_word' id='word_1_76' title='bbox 1100 1369 1304 1460; x_wconf 72' lang='lat' dir='ltr'>dignaretur,</span> <span class='ocrx_word' id='word_1_77' title='bbox 1330 1375 1369 1442; x_wconf 91' lang='lat' dir='ltr'>nt</span> <span class='ocrx_word' id='word_1_78' title='bbox 1395 1368 1495 1442; x_wconf 91' lang='lat' dir='ltr'>dein·</span> 
     </span>
     <span class='ocr_line' id='line_1_11' title="bbox 248 1478 1497 1574; baseline -0.005 -18"><span class='ocrx_word' id='word_1_79' title='bbox 248 1499 328 1574; x_wconf 90' lang='lat' dir='ltr'>ceps</span> <span class='ocrx_word' id='word_1_80' title='bbox 355 1499 474 1554; x_wconf 89' lang='lat' dir='ltr'>omnes</span> <span class='ocrx_word' id='word_1_81' title='bbox 511 1489 545 1555; x_wconf 92' lang='lat' dir='ltr'>et</span> <span class='ocrx_word' id='word_1_82' title='bbox 576 1482 727 1572; x_wconf 90' lang='lat' dir='ltr'>singulae</span> <span class='ocrx_word' id='word_1_83' title='bbox 753 1480 980 1572; x_wconf 90' lang='lat' dir='ltr'>indulgentiae</span> <span class='ocrx_word' id='word_1_84' title='bbox 1013 1488 1080 1552; x_wconf 86' lang='lat' dir='ltr'>tam</span> <span class='ocrx_word' id='word_1_85' title='bbox 1106 1481 1140 1552; x_wconf 93' lang='lat' dir='ltr'>in</span> <span class='ocrx_word' id='word_1_86' title='bbox 1166 1480 1239 1571; x_wconf 91' lang='lat' dir='ltr'>ipsa</span> <span class='ocrx_word' id='word_1_87' title='bbox 1265 1478 1497 1552; x_wconf 85' lang='lat' dir='ltr'>tertiadecima</span> 
     </span>
     <span class='ocr_line' id='line_1_12' title="bbox 250 1590 1498 1686; baseline -0.002 -19"><span class='ocrx_word' id='word_1_88' title='bbox 250 1595 395 1667; x_wconf 86' lang='lat' dir='ltr'>editione</span> <span class='ocrx_word' id='word_1_89' title='bbox 429 1611 531 1686; x_wconf 86' lang='lat' dir='ltr'>quam</span> <span class='ocrx_word' id='word_1_90' title='bbox 565 1594 600 1664; x_wconf 92' lang='lat' dir='ltr'>in</span> <span class='ocrx_word' id='word_1_91' title='bbox 630 1594 701 1664; x_wconf 86' lang='lat' dir='ltr'>allis</span> <span class='ocrx_word' id='word_1_92' title='bbox 732 1594 858 1665; x_wconf 84' lang='lat' dir='ltr'>iiornae</span> <span class='ocrx_word' id='word_1_93' title='bbox 884 1593 918 1664; x_wconf 90' lang='lat' dir='ltr'>ln</span> <span class='ocrx_word' id='word_1_94' title='bbox 949 1599 1121 1684; x_wconf 89' lang='lat' dir='ltr'>postemm</span> <span class='ocrx_word' id='word_1_95' title='bbox 1153 1590 1197 1663; x_wconf 91' lang='lat' dir='ltr'>de</span> <span class='ocrx_word' id='word_1_96' title='bbox 1230 1591 1359 1664; x_wconf 89' lang='lat' dir='ltr'>licentia</span> <span class='ocrx_word' id='word_1_97' title='bbox 1392 1591 1498 1684; x_wconf 84' lang='lat' dir='ltr'>hujus</span> 
     </span>
     <span class='ocr_line' id='line_1_13' title="bbox 249 1701 1499 1796; baseline -0.002 -18"><span class='ocrx_word' id='word_1_98' title='bbox 249 1707 323 1778; x_wconf 89' lang='lat' dir='ltr'>Sac.</span> <span class='ocrx_word' id='word_1_99' title='bbox 350 1704 624 1796; x_wconf 82' lang='lat' dir='ltr'>congregationis</span> <span class='ocrx_word' id='word_1_100' title='bbox 651 1703 846 1796; x_wconf 84' lang='lat' dir='ltr'>evulgandis</span> <span class='ocrx_word' id='word_1_101' title='bbox 872 1702 1107 1786; x_wconf 72' lang='lat' dir='ltr'>recensendae,</span> <span class='ocrx_word' id='word_1_102' title='bbox 1125 1701 1282 1775; x_wconf 86' lang='lat' dir='ltr'>fidelibus</span> <span class='ocrx_word' id='word_1_103' title='bbox 1309 1704 1413 1775; x_wconf 89' lang='lat' dir='ltr'>eliam</span> <span class='ocrx_word' id='word_1_104' title='bbox 1445 1703 1499 1776; x_wconf 92' lang='lat' dir='ltr'>de·</span> 
     </span>
     <span class='ocr_line' id='line_1_14' title="bbox 251 1815 1499 1908; baseline -0.001 -20"><span class='ocrx_word' id='word_1_105' title='bbox 251 1817 372 1888; x_wconf 87' lang='lat' dir='ltr'>iunctis</span> <span class='ocrx_word' id='word_1_106' title='bbox 390 1815 602 1908; x_wconf 88' lang='lat' dir='ltr'>applicabiles</span> <span class='ocrx_word' id='word_1_107' title='bbox 620 1834 696 1888; x_wconf 89' lang='lat' dir='ltr'>esse</span> <span class='ocrx_word' id='word_1_108' title='bbox 714 1815 948 1907; x_wconf 87' lang='lat' dir='ltr'>intelligantur,</span> <span class='ocrx_word' id='word_1_109' title='bbox 965 1833 1113 1888; x_wconf 91' lang='lat' dir='ltr'>necnon</span> <span class='ocrx_word' id='word_1_110' title='bbox 1138 1832 1257 1886; x_wconf 90' lang='lat' dir='ltr'>omnes</span> <span class='ocrx_word' id='word_1_111' title='bbox 1282 1821 1316 1887; x_wconf 91' lang='lat' dir='ltr'>et</span> <span class='ocrx_word' id='word_1_112' title='bbox 1340 1815 1499 1906; x_wconf 90' lang='lat' dir='ltr'>singulae</span> 
     </span>
     <span class='ocr_line' id='line_1_15' title="bbox 253 1926 1501 2019; baseline -0.001 -20"><span class='ocrx_word' id='word_1_113' title='bbox 253 1927 419 2000; x_wconf 88' lang='lat' dir='ltr'>orationes</span> <span class='ocrx_word' id='word_1_114' title='bbox 444 1927 478 1998; x_wconf 91' lang='lat' dir='ltr'>in</span> <span class='ocrx_word' id='word_1_115' title='bbox 505 1927 576 2019; x_wconf 92' lang='lat' dir='ltr'>ipsa</span> <span class='ocrx_word' id='word_1_116' title='bbox 602 1927 724 2019; x_wconf 88' lang='lat' dir='ltr'>pariter</span> <span class='ocrx_word' id='word_1_117' title='bbox 756 1927 998 2010; x_wconf 79' lang='lat' dir='ltr'>decimotertia,</span> <span class='ocrx_word' id='word_1_118' title='bbox 1032 1945 1071 1998; x_wconf 91' lang='lat' dir='ltr'>ac</span> <span class='ocrx_word' id='word_1_119' title='bbox 1094 1927 1129 1997; x_wconf 91' lang='lat' dir='ltr'>ln</span> <span class='ocrx_word' id='word_1_120' title='bbox 1146 1926 1218 1997; x_wconf 89' lang='lat' dir='ltr'>allis</span> <span class='ocrx_word' id='word_1_121' title='bbox 1235 1933 1272 1997; x_wconf 92' lang='lat' dir='ltr'>ut</span> <span class='ocrx_word' id='word_1_122' title='bbox 1296 1945 1401 2018; x_wconf 90' lang='lat' dir='ltr'>snpra</span> <span class='ocrx_word' id='word_1_123' title='bbox 1421 1945 1501 1998; x_wconf 83' lang='lat' dir='ltr'>eon</span> 
     </span>
     <span class='ocr_line' id='line_1_16' title="bbox 253 2037 1502 2129; baseline 0 -19"><span class='ocrx_word' id='word_1_124' title='bbox 253 2037 420 2121; x_wconf 89' lang='lat' dir='ltr'>linendae,</span> <span class='ocrx_word' id='word_1_125' title='bbox 448 2056 663 2129; x_wconf 87' lang='lat' dir='ltr'>quocumque</span> <span class='ocrx_word' id='word_1_126' title='bbox 689 2039 857 2122; x_wconf 90' lang='lat' dir='ltr'>idiomate,</span> <span class='ocrx_word' id='word_1_127' title='bbox 883 2038 1067 2112; x_wconf 92' lang='lat' dir='ltr'>dummodo</span> <span class='ocrx_word' id='word_1_128' title='bbox 1089 2038 1260 2111; x_wconf 77' lang='lat' dir='ltr'>verdones</span> <span class='ocrx_word' id='word_1_129' title='bbox 1284 2038 1352 2109; x_wconf 91' lang='lat' dir='ltr'>sint</span> <span class='ocrx_word' id='word_1_130' title='bbox 1378 2037 1502 2112; x_wconf 85' lang='lat' dir='ltr'>fideles</span> 
     </span>
     <span class='ocr_line' id='line_1_17' title="bbox 252 2149 1503 2243; baseline 0 -21"><span class='ocrx_word' id='word_1_131' title='bbox 252 2167 314 2243; x_wconf 91' lang='lat' dir='ltr'>pro</span> <span class='ocrx_word' id='word_1_132' title='bbox 330 2149 614 2240; x_wconf 89' lang='lat' dir='ltr'>lndulgenllarum</span> <span class='ocrx_word' id='word_1_133' title='bbox 632 2151 862 2241; x_wconf 82' lang='lat' dir='ltr'>acquisitione,</span> <span class='ocrx_word' id='word_1_134' title='bbox 886 2152 1015 2224; x_wconf 88' lang='lat' dir='ltr'>recitari</span> <span class='ocrx_word' id='word_1_135' title='bbox 1041 2151 1181 2242; x_wconf 81' lang='lat' dir='ltr'>possint</span> <span class='ocrx_word' id='word_1_136' title='bbox 1199 2151 1315 2240; x_wconf 87' lang='lat' dir='ltr'>ltaque</span> <span class='ocrx_word' id='word_1_137' title='bbox 1332 2150 1503 2224; x_wconf 86' lang='lat' dir='ltr'>Sanctitas</span> 
     </span>
     <span class='ocr_line' id='line_1_18' title="bbox 254 2261 1502 2357; baseline -0.002 -23"><span class='ocrx_word' id='word_1_138' title='bbox 254 2263 322 2336; x_wconf 85' lang='lat' dir='ltr'>Sue</span> <span class='ocrx_word' id='word_1_139' title='bbox 347 2261 502 2355; x_wconf 89' lang='lat' dir='ltr'>praelatis</span> <span class='ocrx_word' id='word_1_140' title='bbox 519 2263 715 2336; x_wconf 88' lang='lat' dir='ltr'>humillimis</span> <span class='ocrx_word' id='word_1_141' title='bbox 732 2263 888 2357; x_wconf 87' lang='lat' dir='ltr'>precibus</span> <span class='ocrx_word' id='word_1_142' title='bbox 907 2263 1166 2336; x_wconf 85' lang='lat' dir='ltr'>clementissime</span> <span class='ocrx_word' id='word_1_143' title='bbox 1192 2262 1352 2354; x_wconf 82' lang='lat' dir='ltr'>exeeptis,</span> <span class='ocrx_word' id='word_1_144' title='bbox 1380 2263 1502 2355; x_wconf 86' lang='lat' dir='ltr'>majori</span> 
     </span>
     <span class='ocr_line' id='line_1_19' title="bbox 254 2372 1504 2468; baseline 0 -22"><span class='ocrx_word' id='word_1_145' title='bbox 254 2372 528 2447; x_wconf 81' lang='lat' dir='ltr'>cunstlfidellum</span> <span class='ocrx_word' id='word_1_146' title='bbox 556 2375 719 2466; x_wconf 89' lang='lat' dir='ltr'>spirituali</span> <span class='ocrx_word' id='word_1_147' title='bbox 744 2375 871 2448; x_wconf 82' lang='lat' dir='ltr'>utilitati</span> <span class='ocrx_word' id='word_1_148' title='bbox 897 2375 1123 2468; x_wconf 90' lang='lat' dir='ltr'>prospiciens,</span> <span class='ocrx_word' id='word_1_149' title='bbox 1149 2373 1408 2465; x_wconf 81' lang='lat' dir='ltr'>maximumque</span> <span class='ocrx_word' id='word_1_150' title='bbox 1434 2373 1504 2446; x_wconf 91' lang='lat' dir='ltr'>ani-</span> 
     </span>
     <span class='ocr_line' id='line_1_20' title="bbox 254 2485 1505 2580; baseline 0 -22"><span class='ocrx_word' id='word_1_151' title='bbox 254 2486 375 2558; x_wconf 90' lang='lat' dir='ltr'>mabus</span> <span class='ocrx_word' id='word_1_152' title='bbox 399 2485 633 2560; x_wconf 86' lang='lat' dir='ltr'>detunctorum</span> <span class='ocrx_word' id='word_1_153' title='bbox 662 2487 818 2560; x_wconf 90' lang='lat' dir='ltr'>solatium</span> <span class='ocrx_word' id='word_1_154' title='bbox 848 2487 965 2560; x_wconf 89' lang='lat' dir='ltr'>allerre</span> <span class='ocrx_word' id='word_1_155' title='bbox 988 2493 1187 2580; x_wconf 90' lang='lat' dir='ltr'>peroptans,</span> <span class='ocrx_word' id='word_1_156' title='bbox 1212 2485 1359 2577; x_wconf 89' lang='lat' dir='ltr'>benigne</span> <span class='ocrx_word' id='word_1_157' title='bbox 1383 2488 1505 2559; x_wconf 88' lang='lat' dir='ltr'>annuit</span> 
     </span>
     <span class='ocr_line' id='line_1_21' title="bbox 255 2597 1502 2690; baseline 0.001 -21"><span class='ocrx_word' id='word_1_158' title='bbox 255 2597 290 2670; x_wconf 87' lang='lat' dir='ltr'>in</span> <span class='ocrx_word' id='word_1_159' title='bbox 316 2597 472 2670; x_wconf 89' lang='lat' dir='ltr'>omnibns</span> <span class='ocrx_word' id='word_1_160' title='bbox 495 2598 591 2687; x_wconf 84' lang='lat' dir='ltr'>juxta</span> <span class='ocrx_word' id='word_1_161' title='bbox 617 2598 729 2690; x_wconf 89' lang='lat' dir='ltr'>petita.</span> <span class='ocrx_word' id='word_1_162' title='bbox 764 2599 937 2670; x_wconf 85' lang='lat' dir='ltr'>Praeterea</span> <span class='ocrx_word' id='word_1_163' title='bbox 966 2597 1093 2670; x_wconf 88' lang='lat' dir='ltr'>Eadem</span> <span class='ocrx_word' id='word_1_164' title='bbox 1119 2597 1281 2670; x_wconf 89' lang='lat' dir='ltr'>Sanctitas</span> <span class='ocrx_word' id='word_1_165' title='bbox 1307 2597 1377 2669; x_wconf 88' lang='lat' dir='ltr'>Sua</span> <span class='ocrx_word' id='word_1_166' title='bbox 1403 2617 1502 2670; x_wconf 87' lang='lat' dir='ltr'>man·</span> 
     </span>
     <span class='ocr_line' id='line_1_22' title="bbox 256 2706 1502 2798; baseline -0.002 -18"><span class='ocrx_word' id='word_1_167' title='bbox 256 2707 347 2780; x_wconf 91' lang='lat' dir='ltr'>davit</span> <span class='ocrx_word' id='word_1_168' title='bbox 362 2713 400 2779; x_wconf 91' lang='lat' dir='ltr'>ut</span> <span class='ocrx_word' id='word_1_169' title='bbox 416 2709 445 2778; x_wconf 91' lang='lat' dir='ltr'>sl</span> <span class='ocrx_word' id='word_1_170' title='bbox 462 2708 638 2798; x_wconf 90' lang='lat' dir='ltr'>contigerit</span> <span class='ocrx_word' id='word_1_171' title='bbox 663 2708 815 2782; x_wconf 89' lang='lat' dir='ltr'>eamdem</span> <span class='ocrx_word' id='word_1_172' title='bbox 842 2708 1079 2782; x_wconf 77' lang='lat' dir='ltr'>collectionem</span> <span class='ocrx_word' id='word_1_173' title='bbox 1096 2708 1131 2780; x_wconf 93' lang='lat' dir='ltr'>in</span> <span class='ocrx_word' id='word_1_174' title='bbox 1147 2706 1237 2780; x_wconf 89' lang='lat' dir='ltr'>alind</span> <span class='ocrx_word' id='word_1_175' title='bbox 1253 2707 1337 2779; x_wconf 86' lang='lat' dir='ltr'>verli</span> <span class='ocrx_word' id='word_1_176' title='bbox 1363 2707 1502 2790; x_wconf 86' lang='lat' dir='ltr'>idioma,</span> 
     </span>
     <span class='ocr_line' id='line_1_23' title="bbox 254 2817 1502 2913; baseline 0.002 -23"><span class='ocrx_word' id='word_1_177' title='bbox 254 2817 448 2909; x_wconf 82' lang='lat' dir='ltr'>hujusmodl</span> <span class='ocrx_word' id='word_1_178' title='bbox 474 2819 664 2892; x_wconf 85' lang='lat' dir='ltr'>versionem</span> <span class='ocrx_word' id='word_1_179' title='bbox 691 2821 779 2912; x_wconf 83' lang='lat' dir='ltr'>typis</span> <span class='ocrx_word' id='word_1_180' title='bbox 804 2819 967 2913; x_wconf 88' lang='lat' dir='ltr'>publicari</span> <span class='ocrx_word' id='word_1_181' title='bbox 991 2838 1061 2892; x_wconf 95' lang='lat' dir='ltr'>non</span> <span class='ocrx_word' id='word_1_182' title='bbox 1085 2837 1187 2912; x_wconf 90' lang='lat' dir='ltr'>posse</span> <span class='ocrx_word' id='word_1_183' title='bbox 1217 2819 1347 2910; x_wconf 78' lang='lat' dir='ltr'>absque</span> <span class='ocrx_word' id='word_1_184' title='bbox 1378 2837 1502 2912; x_wconf 90' lang='lat' dir='ltr'>appro-</span> 
     </span>
     <span class='ocr_line' id='line_1_24' title="bbox 254 2931 1502 3024; baseline 0.002 -22"><span class='ocrx_word' id='word_1_185' title='bbox 254 2931 390 3003; x_wconf 87' lang='lat' dir='ltr'>batione</span> <span class='ocrx_word' id='word_1_186' title='bbox 415 2931 516 3022; x_wconf 88' lang='lat' dir='ltr'>bujus</span> <span class='ocrx_word' id='word_1_187' title='bbox 542 2931 616 3004; x_wconf 89' lang='lat' dir='ltr'>Sao.</span> <span class='ocrx_word' id='word_1_188' title='bbox 642 2931 925 3024; x_wconf 81' lang='lat' dir='ltr'>congregationis.</span> <span class='ocrx_word' id='word_1_189' title='bbox 953 2933 1122 3006; x_wconf 86' lang='lat' dir='ltr'>Praesenti</span> <span class='ocrx_word' id='word_1_190' title='bbox 1152 2931 1416 3024; x_wconf 90' lang='lat' dir='ltr'>inperpetuum</span> <span class='ocrx_word' id='word_1_191' title='bbox 1442 2951 1502 3004; x_wconf 86' lang='lat' dir='ltr'>ra·</span> 
     </span>
     <span class='ocr_line' id='line_1_25' title="bbox 256 3039 1501 3137; baseline 0.002 -25"><span class='ocrx_word' id='word_1_192' title='bbox 256 3039 354 3113; x_wconf 92' lang='lat' dir='ltr'>lituro</span> <span class='ocrx_word' id='word_1_193' title='bbox 380 3042 510 3134; x_wconf 84' lang='lat' dir='ltr'>absque</span> <span class='ocrx_word' id='word_1_194' title='bbox 534 3043 601 3116; x_wconf 91' lang='lat' dir='ltr'>ulla</span> <span class='ocrx_word' id='word_1_195' title='bbox 627 3044 741 3116; x_wconf 88' lang='lat' dir='ltr'>Brevis</span> <span class='ocrx_word' id='word_1_196' title='bbox 765 3043 989 3137; x_wconf 86' lang='lat' dir='ltr'>expeditione.</span> <span class='ocrx_word' id='word_1_197' title='bbox 1016 3043 1327 3119; x_wconf 77' lang='lat' dir='ltr'>nonobstantibus</span> <span class='ocrx_word' id='word_1_198' title='bbox 1357 3043 1393 3115; x_wconf 91' lang='lat' dir='ltr'>in</span> <span class='ocrx_word' id='word_1_199' title='bbox 1418 3061 1501 3116; x_wconf 91' lang='lat' dir='ltr'>con-</span> 
     </span>
     <span class='ocr_line' id='line_1_26' title="bbox 257 3153 926 3248; baseline 0.006 -24"><span class='ocrx_word' id='word_1_200' title='bbox 257 3153 394 3226; x_wconf 90' lang='lat' dir='ltr'>trarium</span> <span class='ocrx_word' id='word_1_201' title='bbox 420 3154 619 3228; x_wconf 89' lang='lat' dir='ltr'>iacientibus</span> <span class='ocrx_word' id='word_1_202' title='bbox 644 3155 926 3248; x_wconf 86' lang='lat' dir='ltr'>quibuscumque.</span> 
     </span>
    </p>
   </div>
   <div class='ocr_carea' id='block_1_3' title="bbox 259 3266 1497 3472">
    <p class='ocr_par' dir='ltr' id='par_1_3' title="bbox 259 3266 1497 3472">
     <span class='ocr_line' id='line_1_27' title="bbox 331 3266 1497 3360; baseline 0.003 -24"><span class='ocrx_word' id='word_1_203' title='bbox 331 3266 450 3338; x_wconf 85' lang='lat' dir='ltr'>Datum</span> <span class='ocrx_word' id='word_1_204' title='bbox 477 3267 603 3339; x_wconf 85' lang='lat' dir='ltr'>Rornae</span> <span class='ocrx_word' id='word_1_205' title='bbox 629 3285 673 3340; x_wconf 87' lang='lat' dir='ltr'>ex</span> <span class='ocrx_word' id='word_1_206' title='bbox 699 3268 881 3340; x_wconf 72' lang='lat' dir='ltr'>Secremrla</span> <span class='ocrx_word' id='word_1_207' title='bbox 913 3269 988 3340; x_wconf 90' lang='lat' dir='ltr'>Sac.</span> <span class='ocrx_word' id='word_1_208' title='bbox 1019 3267 1292 3360; x_wconf 83' lang='lat' dir='ltr'>congregationis</span> <span class='ocrx_word' id='word_1_209' title='bbox 1318 3267 1497 3360; x_wconf 88' lang='lat' dir='ltr'>indulgen·</span> 
     </span>
     <span class='ocr_line' id='line_1_28' title="bbox 259 3377 899 3472; baseline 0.006 -23"><span class='ocrx_word' id='word_1_210' title='bbox 259 3378 379 3450; x_wconf 89' lang='lat' dir='ltr'>llanrm</span> <span class='ocrx_word' id='word_1_211' title='bbox 405 3377 460 3452; x_wconf 92' lang='lat' dir='ltr'>die</span> <span class='ocrx_word' id='word_1_212' title='bbox 486 3383 532 3450; x_wconf 81' lang='lat'>30</span> <span class='ocrx_word' id='word_1_213' title='bbox 559 3379 765 3472; x_wconf 87' lang='lat' dir='ltr'>Septembris</span> <span class='ocrx_word' id='word_1_214' title='bbox 794 3385 899 3454; x_wconf 75' lang='lat' dir='ltr'>rste.</span> 
     </span>
    </p>
   </div>
   <div class='ocr_carea' id='block_1_4' title="bbox 878 3492 1470 3698">
    <p class='ocr_par' dir='ltr' id='par_1_4' title="bbox 878 3492 1470 3698">
     <span class='ocr_line' id='line_1_29' title="bbox 920 3492 1433 3576; baseline 0 -12"><span class='ocrx_word' id='word_1_215' title='bbox 920 3493 957 3565; x_wconf 70' lang='lat' dir='ltr'>lt.</span> <span class='ocrx_word' id='word_1_216' title='bbox 984 3492 1087 3566; x_wconf 75' lang='lat' dir='ltr'>Ceno.</span> <span class='ocrx_word' id='word_1_217' title='bbox 1113 3492 1287 3576; x_wconf 60' lang='lat' dir='ltr'>Mommos</span> <span class='ocrx_word' id='word_1_218' title='bbox 1312 3494 1433 3566; x_wconf 84' lang='lat' dir='ltr'>Pnnnr.</span> 
     </span>
     <span class='ocr_line' id='line_1_30' title="bbox 878 3603 1470 3698; baseline -0.003 -22"><span class='ocrx_word' id='word_1_219' title='bbox 878 3607 919 3677; x_wconf 85' lang='grc' dir='ltr'>Α.</span> <span class='ocrx_word' id='word_1_220' title='bbox 946 3603 1105 3698; x_wconf 74' lang='lat' dir='ltr'>Arcbipr.</span> <span class='ocrx_word' id='word_1_221' title='bbox 1131 3605 1336 3679; x_wconf 82' lang='lat' dir='ltr'>Prlnzioellt‘</span> <span class='ocrx_word' id='word_1_222' title='bbox 1363 3604 1470 3678; x_wconf 72' lang='lat' dir='ltr'>solu.</span> 
     </span>
    </p>
   </div>
   <div class='ocr_carea' id='block_1_5' title="bbox 400 3800 1356 4000">
    <p class='ocr_par' dir='ltr' id='par_1_5' title="bbox 400 3800 1356 4000">
     <span class='ocr_line' id='line_1_31' title="bbox 791 3800 969 3876; baseline 0.011 -2"><span class='ocrx_word' id='word_1_223' title='bbox 791 3800 969 3876; x_wconf 77' lang='lat' dir='ltr'>ccxxix.</span> 
     </span>
     <span class='ocr_line' id='line_1_32' title="bbox 400 3943 1356 4000; baseline 0.003 -5"><span class='ocrx_word' id='word_1_224' title='bbox 400 3943 677 4000; x_wconf 79' lang='lat' dir='ltr'>concnecrrrours</span> <span class='ocrx_word' id='word_1_225' title='bbox 704 3947 935 4000; x_wconf 82' lang='lat' dir='ltr'>enerrosrssrnr</span> <span class='ocrx_word' id='word_1_226' title='bbox 962 3947 1130 4000; x_wconf 80' lang='lat' dir='ltr'>sincerans</span> <span class='ocrx_word' id='word_1_227' title='bbox 1157 3947 1188 3999; x_wconf 90' lang='lat' dir='ltr'>o.</span> <span class='ocrx_word' id='word_1_228' title='bbox 1215 3945 1248 4000; x_wconf 85' lang='lat' dir='ltr'>n.</span> <span class='ocrx_word' id='word_1_229' title='bbox 1274 3947 1299 3999; x_wconf 89' lang='lat' dir='ltr'>r.</span> <span class='ocrx_word' id='word_1_230' title='bbox 1326 3946 1356 3998; x_wconf 90' lang='lat' dir='ltr'>c.</span> 
     </span>
    </p>
   </div>
   <div class='ocr_carea' id='block_1_6' title="bbox 263 4048 1500 4368">
    <p class='ocr_par' dir='ltr' id='par_1_6' title="bbox 263 4048 1500 4368">
     <span class='ocr_line' id='line_1_33' title="bbox 303 4048 1500 4146; baseline -0.002 -24"><span class='ocrx_word' id='word_1_231' title='bbox 303 4049 386 4122; x_wconf 65' lang='lat' dir='ltr'>tAd</span> <span class='ocrx_word' id='word_1_232' title='bbox 411 4050 612 4126; x_wconf 85' lang='lat' dir='ltr'>lrnmilllrnas</span> <span class='ocrx_word' id='word_1_233' title='bbox 637 4071 755 4144; x_wconf 86' lang='lat' dir='ltr'>preces</span> <span class='ocrx_word' id='word_1_234' title='bbox 781 4055 1055 4146; x_wconf 83' lang='lat' dir='ltr'>congregationis</span> <span class='ocrx_word' id='word_1_235' title='bbox 1071 4053 1357 4126; x_wconf 89' lang='lat' dir='ltr'>iilsslonariornm</span> <span class='ocrx_word' id='word_1_236' title='bbox 1379 4048 1500 4122; x_wconf 86' lang='lat' dir='ltr'>Prelio·</span> 
     </span>
     <span class='ocr_line' id='line_1_34' title="bbox 263 4159 1497 4253; baseline 0.002 -24"><span class='ocrx_word' id='word_1_237' title='bbox 263 4159 385 4232; x_wconf 89' lang='lat' dir='ltr'>slsslml</span> <span class='ocrx_word' id='word_1_238' title='bbox 411 4163 589 4253; x_wconf 88' lang='lat' dir='ltr'>Sanguinis</span> <span class='ocrx_word' id='word_1_239' title='bbox 606 4167 644 4237; x_wconf 89' lang='lat' dir='ltr'>b.</span> <span class='ocrx_word' id='word_1_240' title='bbox 664 4167 702 4237; x_wconf 91' lang='lat' dir='ltr'>N.</span> <span class='ocrx_word' id='word_1_241' title='bbox 720 4167 747 4236; x_wconf 90' lang='lat' dir='ltr'>J.</span> <span class='ocrx_word' id='word_1_242' title='bbox 766 4167 802 4237; x_wconf 90' lang='lat' dir='ltr'>C.</span> <span class='ocrx_word' id='word_1_243' title='bbox 822 4167 1056 4239; x_wconf 81' lang='lat' dir='ltr'>sanctissimus</span> <span class='ocrx_word' id='word_1_244' title='bbox 1080 4167 1119 4236; x_wconf 88' lang='lat' dir='ltr'>D.</span> <span class='ocrx_word' id='word_1_245' title='bbox 1136 4166 1176 4238; x_wconf 93' lang='lat' dir='ltr'>N.</span> <span class='ocrx_word' id='word_1_246' title='bbox 1194 4165 1272 4237; x_wconf 86' lang='lat' dir='ltr'>Plus</span> <span class='ocrx_word' id='word_1_247' title='bbox 1290 4164 1351 4235; x_wconf 88' lang='lat' dir='ltr'>PP.</span> <span class='ocrx_word' id='word_1_248' title='bbox 1369 4163 1411 4234; x_wconf 88' lang='lat' dir='ltr'>iil</span> <span class='ocrx_word' id='word_1_249' title='bbox 1432 4159 1497 4230; x_wconf 90' lang='lat' dir='ltr'>be-</span> 
     </span>
     <span class='ocr_line' id='line_1_35' title="bbox 263 4271 1500 4368; baseline 0 -26"><span class='ocrx_word' id='word_1_250' title='bbox 263 4271 363 4359; x_wconf 81' lang='lat' dir='ltr'>nigrae</span> <span class='ocrx_word' id='word_1_251' title='bbox 377 4272 551 4348; x_wconf 88' lang='lat' dir='ltr'>inclinatus</span> <span class='ocrx_word' id='word_1_252' title='bbox 564 4279 745 4353; x_wconf 87' lang='lat' dir='ltr'>elementer</span> <span class='ocrx_word' id='word_1_253' title='bbox 758 4277 904 4362; x_wconf 87' lang='lat' dir='ltr'>indulsit,</span> <span class='ocrx_word' id='word_1_254' title='bbox 918 4285 955 4353; x_wconf 88' lang='lat' dir='ltr'>ut</span> <span class='ocrx_word' id='word_1_255' title='bbox 968 4295 1087 4354; x_wconf 86' lang='lat' dir='ltr'>omnes</span> <span class='ocrx_word' id='word_1_256' title='bbox 1101 4277 1277 4368; x_wconf 87' lang='lat' dir='ltr'>utriusque</span> <span class='ocrx_word' id='word_1_257' title='bbox 1291 4292 1393 4348; x_wconf 85' lang='lat' dir='ltr'>sexus</span> <span class='ocrx_word' id='word_1_258' title='bbox 1404 4271 1500 4346; x_wconf 85' lang='lat' dir='ltr'>Cirri-</span> 
     </span>
    </p>
   </div>
   <div class='ocr_carea' id='block_1_7' title="bbox 0 0 1624 4922">
    <p class='ocr_par' dir='ltr' id='par_1_7' title="bbox 0 0 1624 4922">
     <span class='ocr_line' id='line_1_36' title="bbox 0 0 1624 4922; baseline 0 0"><span class='ocrx_word' id='word_1_259' title='bbox 0 0 1624 4922; x_wconf 95' lang='lat' dir='ltr'> </span> 
     </span>
    </p>
   </div>
  </div>
 </body>
</html>
