3214 4928
818 389 984 454 ..8.-

287 519 426 611 retiquis
459 519 649 613 Episcopus
672 519 723 632 'ad
754 521 989 613 Inquisitorem
1023 520 1270 594 communicare
1294 520 1395 595 dehet
1420 528 1518 596 aute-

288 649 391 727 quam
416 629 660 724 imprimantur.
680 631 811 720 *natum
836 633 961 705 Rornae
986 630 1041 704 die
1066 637 1113 703 aa
1139 632 1214 704 tulii
1243 636 1347 704 t673.

882 741 1030 820 Miciael
1055 743 1204 837 rupetae
1227 745 1362 819 diarias
1388 746 1516 821 secret.

629 932 741 1014 .’·
875 942 933 1014 ΙΧ.

362 1084 573 1184 Postremum
589 1101 631 1158 er
649 1081 838 1178 dubiisper
853 1099 974 1156 manus
989 1081 1195 1155 transmissis
1211 1089 1282 1156 arat
1302 1120 1349 1136 -
1366 1085 1421 1156 Aa
1439 1085 1524 1157 Cat·

288 1199 381 1268 trum
405 1213 424 1267 e
449 1193 626 1288 sepatetra
653 1197 817 1290 Martyris
842 1196 903 1269 aab
929 1195 999 1286 dos
1025 1194 1127 1269 dorso
1153 1199 1325 1288 repertam
1341 1196 1379 1268 ira
1396 1195 1521 1290 aliquo

291 1307 496 1382 coemeterio
524 1306 720 1382 debendum
745 1309 789 1381 sit
809 1327 876 1401 pro
903 1308 1126 1380 instrumento
1147 1307 1320 1400 Martyrii
1339 1311 1372 1380 et
1388 1311 1521 1401 eapooa'

282 1420 420 1514 pantica
441 1421 550 1514 possit
563 1425 610 1508 ut,
623 1421 653 1493 ei
669 1419 800 1493 maetas
826 1421 955 1492 eutium
980 1423 1014 1492 et
1037 1421 1292 1494 uenerationem
1309 1419 1522 1494 exhibeant:

289 1568 338 1586 -
362 1531 416 1605 Ad
441 1532 534 1624 quod
558 1535 649 1605 Saor.
676 1533 894 1623 congregatio
911 1530 1083 1623 respondit
1109 1567 1155 1584 -
1182 1530 1333 1604 Cuttrum
1351 1533 1523 1624 ejusmodi

142 1639 143 1644 ‘
290 1645 414 1740 exponi
440 1663 543 1738 posse
567 1635 635 1717 una
660 1663 738 1717 oum
763 1645 920 1738 Corpore,
947 1643 1103 1716 sednon
1128 1644 1238 1718 solum
1263 1650 1297 1718 et
1321 1662 1486 1719 seorsum.

361 1758 483 1831 Datum
507 1758 633 1831 Romae
658 1756 713 1831 die
739 1761 759 1828 3
786 1755 994 1849 Septembris
1023 1760 1128 1829 totu.

880 1955 922 2027 X.

367 2090 421 2165 Ad
444 2091 521 2165 'fria
548 2092 652 2166 [tobia
677 2110 740 2185 per
764 2092 987 2166 secretarium
1013 2092 1199 2186 proposita,
1225 2099 1260 2166 et
1282 2111 1343 2184 per
1368 2091 1527 2166 omnium

290 2221 412 2278 manus
437 2203 643 2287 transmissa,
669 2210 707 2276 ut
731 2202 922 2296 diligentius
948 2203 1231 2277 examinarentur.

367 2312 415 2385 t.⁰
446 2314 569 2387 Verum
593 2313 814 2408 Indulpeotia
838 2317 1006 2390 Ptenarta
1031 2316 1069 2388 ia
1093 2317 1247 2389 Artiooto
1272 2317 1405 2401 Mortis,
1431 2335 1528 2408 quae

284 2429 361 2500 siae
386 2427 462 2500 otio
487 2425 722 2500 declaratione
749 2429 890 2519 adjecta
915 2428 1054 2502 aoaoedi
1079 2431 1180 2509 solet,
1215 2429 1251 2500 in
1283 2447 1364 2500 uero
1399 2431 1527 2504 Mortis

292 2539 718 2632 Artiealoacer‘pieodasit,
733 2561 781 2612 aa
794 2543 830 2613 ia
841 2545 1076 2633 praesumpto,
1091 2560 1139 2612 ao
1152 2540 1527 2632 demominotroqoe‘?

367 2652 418 2725 tt.⁰
444 2653 499 2723 Aa
525 2653 653 2723 eunetis
673 2653 866 2744 petentibus
892 2654 935 2724 sit
960 2651 1181 2744 iadalpentia
1204 2654 1411 2726 Pleaora‘a
1397 2673 1434 2726 aa
1457 2655 1527 2726 dr-

294 2765 398 2838 tiordo
425 2763 546 2836 Mortis
572 2763 818 2837 coneedendo?

370 2873 420 2947 3.⁰
444 2875 500 2946 Aa
526 2877 665 2947 contriti
698 2873 758 2948 sed
782 2893 890 2967 oeque
923 2876 1082 2968 conserat,
1115 2893 1222 2968 raeque
1256 2878 1364 2949 SSoeo
1400 2879 1527 2952 Gomo-

295 2989 397 3061 33333
421 2985 538 3078 resecti
555 2985 811 3080 iaaotpeotiam
823 2990 1024 3082 plenariam
1040 2993 1301 3080 consequantur,
1321 3007 1428 3080 qoam
1443 3011 1527 3084 sap-

291 3099 503 3194 patronatum
513 3099 647 3191 possim
658 3119 726 3192 pro
744 3101 866 3175 Mortis
881 3101 1036 3173 Artieato
1054 3101 1253 3193 lerpiuotur
1269 3103 1419 3173 Romani
1434 3104 1528 3177 Poa-

298 3211 431 3306 tifices?
457 3245 504 3262 -·
530 3210 620 3282 Saer.
648 3209 867 3304 congregatio
892 3212 1066 3305 respondit

371 3320 425 3394 An
453 3325 515 3393 t.¹1¹
539 3321 578 3394 ln
603 3340 684 3395 vero
711 3330 838 3397 tantum
863 3324 1001 3397 artieuto
1026 3325 1140 3417 aoeipi.

371 3431 426 3508 Ad
450 3437 514 3506 2¹¹¹
538 3432 674 3508 coneus
699 3437 891 3528 petentibus
917 3437 1166 3510 concedendam
1192 3454 1278 3508 esse

372 3545 428 3619 Ad
452 3551 516 3620 3.¹¹¹
540 3546 714 3639 Ejusmodi
739 3549 898 3622 enutritos
914 3549 1157 3640 indulgentiam
1177 3547 1307 3632 lucrari,
1325 3549 1355 3622 si
1371 3550 1532 3629 Pontifex

301 3659 336 3732 in
360 3675 423 3732 sua
447 3660 663 3734 eoncessione
689 3660 953 3744 contessionem,
980 3662 1032 3733 ret
1058 3656 1149 3731 aliud
1163 3657 1272 3734 simile
1288 3679 1357 3733 non
1373 3664 1530 3755 requirit.

374 3746 498 3844 Datum
522 3771 648 3846 Romae
674 3771 727 3846 die
754 3777 799 3844 23
826 3771 949 3866 Aprilis
979 3777 1084 3843 tora.

897 3879 1045 3959 Miciaat
1069 3883 1218 3977 tapetas
1243 3883 1376 3962 Bitenas
1402 3889 1532 3966 soeret.

886 4081 944 4156 XI.

380 4221 465 4294 Sao.
479 4219 699 4314 congregatio
724 4221 911 4296 stationum
931 4221 1003 4296 dies
1020 4223 1065 4296 ita
1082 4222 1206 4317 populo
1218 4222 1455 4319 proponendas
1476 4245 1534 4301 es-

307 4351 346 4410 se
368 4333 509 4419 oonsuit,
534 4341 572 4410 nt
596 4352 674 4410 eum
700 4333 875 4429 desoriptis
899 4337 934 4410 in
959 4336 1110 4413 Romano
1135 4335 1259 4412 Missali
1283 4335 1422 4412 omnino
1451 4355 1533 4416 aon·
