3214 4928
606 369 774 434 ..9.-

111 505 228 588 renunt,
252 519 442 595 canumque
475 502 700 595 indulgentias
732 501 925 596 simpliciter
958 500 1208 590 cnunciundes,
1233 519 1303 578 nou

108 615 247 700 addendo,
274 617 449 690 Pienariae
472 616 547 690 iliae
572 616 639 690 sint
663 623 721 689 aut
745 615 914 690 Partiales.

164 730 273 808 murm
309 731 440 804 Romae
463 728 519 803 die
545 735 591 802 io
617 729 724 803 Martii
752 733 857 801 idid.

678 839 825 916 Micduci
850 843 999 936 Angelus
1023 843 1157 918 flaccius
1182 844 1305 920 secret

659 1041 730 1116 xii.

155 1183 236 1258 iicet
261 1185 411 1257 Sanctae
436 1183 616 1260 Memoriae
640 1183 763 1258 Paulus
787 1183 851 1256 ΡΡ.
868 1184 912 1257 ili
929 1201 990 1277 per
1012 1183 1109 1258 binas
1126 1201 1206 1259 suas
1222 1182 1310 1260 Con·

107 1297 261 1372 uuuoucs
288 1299 517 1382 concesserit,
542 1303 579 1370 ut
604 1297 812 1370 sanctissimi
837 1297 995 1390 Corporis
1024 1297 1146 1372 Christi
1171 1295 1309 1373 donna·

108 1410 245 1483 uncte
271 1429 399 1484 omnes
425 1416 459 1484 et
483 1411 635 1503 singulae
659 1410 770 1484 cuivis
794 1411 945 1484 locorum
969 1410 1140 1484 institutae
1156 1428 1195 1482 ac
1220 1408 1311 1482 insti·

114 1519 229 1606 cudae,
256 1521 385 1596 iisdem
409 1521 602 1614 privilegiis,
628 1521 912 1605 concessionibus,
938 1521 1167 1613 indulgentiis,
1199 1519 1311 1612 gratiis

111 1617 289 1717 ctirduitis,
317 1651 410 1725 quae
436 1632 700 1708 Condatemitati
733 1635 828 1707 SSmi
862 1635 1066 1708 sacramenti
1098 1635 1134 1706 in
1164 1633 1313 1708 Ecclesia

109 1745 218 1820 Scuctm
241 1747 374 1822 Mariae
399 1765 501 1841 super
525 1748 708 1822 Mineruam
734 1747 778 1822 de
802 1748 892 1821 Urbe
917 1755 1047 1822 erectae
1071 1746 1208 1840 largitus
1240 1747 1312 1822 iue-

110 1865 152 1932 nt
173 1879 208 1934 ac
229 1862 268 1934 in
293 1867 474 1955 posterum
498 1862 683 1954 largiretur,
709 1867 747 1935 ut
771 1863 881 1954 potiri,
908 1869 942 1936 ct
958 1861 1106 1955 gaudere
1120 1866 1261 1956 possent
1276 1879 1316 1934 ac

108 1969 260 2062 debetcum
287 1975 373 2068 qma
397 1981 511 2048 umen
535 1994 597 2068 per
623 1975 800 2049 nonnullas
816 1974 1025 2067 apostolicas
1042 1973 1314 2058 constitutiones,

110 2087 134 2152 rt
152 2083 392 2168 Ordinationes,
419 2103 506 2176 quae
531 2084 690 2179 deinceps
708 2092 923 2175 emanarunt3
941 2085 1137 2178 praesertim
1158 2101 1239 2158 uero
1255 2101 1317 2176 per

109 2191 201 2267 simiis
224 2197 416 2270 memoriae
440 2196 620 2271 Clementis
645 2197 718 2270 Vlli
744 2195 1021 2270 constitutionem
1038 2194 1083 2269 de
1098 2195 1316 2288 aggregatio·

29 2343 30 2354 κ
110 2305 188 2378 nibus
212 2309 352 2393 editam,
369 2309 551 2394 iacuitatcs
569 2317 603 2383 et
618 2309 846 2401 indulgentiae
862 2317 931 2381 tam
948 2299 1158 2402 supradictae
1175 2309 1316 2381 Sanctae

112 2417 208 2492 icoc
231 2420 276 2495 de
302 2423 476 2508 Minerua,
503 2442 606 2516 quam
632 2423 772 2495 coeteris
798 2422 956 2495 omnibns
985 2419 1317 2494 Coniraternitadbus

30 2619 31 2623 Ν
113 2537 188 2602 antea
210 2551 407 2619 concessae,
433 2542 489 2609 eui
514 2535 703 2626 abrogatae,
730 2539 787 2608 aut
811 2533 929 2606 saltem
961 2531 1153 2606 moderatae
1183 2547 1319 2623 compe·

113 2639 229 2730 imur,
255 2647 391 2739 aliaque
415 2648 480 2722 irco
504 2648 548 2722 de
573 2665 698 2740 genere
722 2647 857 2721 decreta
881 2651 971 2730 suni,
998 2663 1042 2717 ex
1067 2643 1192 2736 quibus
1208 2641 1319 2714 indu·

31 2791 32 2817 i
113 2749 186 2825 bium
207 2760 361 2832 moecari
385 2778 487 2853 posse
512 2759 668 2846 uidetur,
695 2777 739 2831 an
764 2756 958 2851 hujusmodi
989 2755 1082 2829 Pauli
1114 2755 1157 2828 iil
1182 2769 1320 2830 conces·

31 2909 32 2944 r
116 2862 205 2940 times
229 2869 412 2962 pristinum
436 2891 537 2946 suum
562 2874 665 2946 robur
691 2871 801 2944 adhuc
826 2871 1001 2944 reducant.
1111 2881 1119 2898 ·

31 3011 33 3060 r
171 2980 390 3075 congregatio
402 2985 754 3060 Eminentissimorum
768 2989 801 3058 et
813 2980 1182 3056 Reuerendiseimorum
1190 2980 1226 3054 S.
1236 2979 1274 3055 lt.
1283 2979 1322 3055 Ε.

31 3085 32 3096 '
118 3089 323 3170 daducium
339 3096 556 3189 indulgentiis
573 3097 752 3188 sacrisque
768 3093 929 3187 Reliquiis
942 3093 1191 3167 Praefectomm
1204 3099 1324 3186 comus

120 3219 315 3300 summopere
339 3209 548 3284 sanctissimi
572 3207 779 3282 sacramenti
804 3206 1054 3282 venerationem
1079 3209 1114 3277 et
1137 3205 1264 3277 cultum
1288 3204 1325 3278 in

120 3311 175 3388 dits
197 3323 302 3414 magis
329 3321 453 3414 augeri,
480 3329 513 3395 ei
537 3321 582 3396 ob
607 3341 682 3394 earn
708 3339 844 3393 causam
869 3315 1326 3411 hujusmodisocietatemin

123 3430 255 3506 ememus
279 3434 440 3508 Ecclesiis
465 3435 713 3507 Parochiaiibus
739 3433 831 3525 erigi,
859 3437 960 3523 atque
977 3429 1019 3504 ad
1036 3429 1071 3503 id
1086 3425 1326 3503 christifideles

123 3541 285 3634 emmonis
313 3544 426 3635 gratiis
451 3545 611 3632 crciari,
638 3545 774 3639 speciali
812 3543 929 3618 ordine
960 3543 1075 3617 habim
1107 3541 1202 3614 uiuae
1234 3538 1327 3614 vocis

126 3652 233 3726 munio
257 3675 277 3728 a
304 3655 521 3732 sanctissimo
545 3659 585 3730 D.
609 3659 649 3732 N.
677 3657 849 3732 Clemente
874 3656 937 3730 PP.
962 3657 996 3730 X
1020 3655 1074 3729 iei.
1100 3673 1167 3728 rec.
1188 3652 1328 3728 PauliV

33 3767 34 3780 '
126 3763 248 3856 uestigiis
264 3767 478 3860 inhaerente;
496 3769 656 3856 decernit,
675 3789 714 3844 eo
738 3769 896 3854 declarat,
910 3769 1007 3861 juxta
1024 3765 1160 3842 easdem
1176 3765 1268 3840 Pauli
1285 3765 1329 3841 111

129 3867 386 3966 Cmsdtutioues,
412 3881 705 3957 confraternitates
738 3899 857 3956 omnes
883 3887 918 3954 et
942 3881 1092 3974 singulas
1120 3877 1330 3952 sanctissimi

34 4023 35 4030 Ν
132 3977 259 4078 &moris
284 3989 417 4078 chisti,
443 3995 571 4087 ubique
596 4002 761 4069 terrarum
785 3995 949 4070 hactenus
965 3991 1172 4086 consotios,
1197 3990 1329 4065 re10r·

132 4087 232 4172 dana
254 4105 447 4179 auctoritate
471 4112 599 4180 erectas
625 4113 682 4181 aut
705 4107 848 4200 posthac
873 4102 1059 4197 erigendas,
1085 4104 1215 4196 absque
1239 4118 1329 4175 nova

136 4213 178 4278 ³¹1²
195 4216 343 4302 omeliam
369 4217 431 4290 elie
447 4219 675 4304 concessione,
693 4218 1006 4302 communicatione,
1026 4217 1081 4292 uei
1097 4214 1330 4310 aggregatione

136 4313 238 4402 (tice
263 4349 341 4410 esse
371 4329 496 4411 debere
524 4332 704 4429 naucipes
734 4349 1028 4428 quorumcumque
1057 4328 1333 4428 undedecim,
