3254 4914
304 339 350 406 sc

749 565 753 574 ,
852 479 942 552 x1x.

271 666 475 732 &incuriam
505 666 763 751 indulgentiorem
796 683 871 748 prece
897 684 917 729 u
948 665 1138 732 &amorium
1169 667 1296 732 firmino
1326 669 1435 734 Nostro
1466 669 1513 733 Pio

352 776 410 840 PP.
441 775 498 840 Vll
517 777 625 859 Rspice
650 775 897 858 Confrulcroiloli
920 776 975 840 sol
1001 775 1087 840 titulo
1111 779 1222 842 Beatus
1245 777 1361 843 lforioe
1394 777 1515 861 Virginis

350 893 514 966 rtaoruput.
529 887 622 951 Notre
643 885 736 949 liame
758 885 794 950 de
815 887 975 950 lloutuset.
999 884 1133 950 Cicilolir
1154 886 1380 970 Burdigalamis
1401 904 1511 952 conces·

351 1009 401 1059 sne
420 1002 507 1058 sunl.

790 1125 1007 1180 nunnionnlnt.

347 1285 586 1360 sanctissimus
612 1287 775 1364 Dominus
800 1285 920 1360 Noster
944 1285 1024 1360 Pius
1051 1287 1113 1361 PP.
1139 1288 1198 1361 vll
1226 1287 1368 1380 cupiens
1401 1306 1446 1364 ex
1470 1285 1521 1360 Pa·

265 1397 378 1472 storali
403 1399 512 1472 oflicio
529 1406 562 1473 et
579 1399 748 1486 charitate,
776 1399 963 1480 animarum
988 1398 1088 1474 salnti
1105 1406 1271 1494 quantum
1288 1419 1367 1474 cum
1384 1403 1454 1476 lieo
1469 1419 1521 1494 po

264 1515 340 1596 test,
366 1516 505 1604 paterne
529 1511 722 1596 consulere,
749 1517 783 1584 et
807 1509 1048 1584 christifideles
1074 1511 1251 1596 libentius,
1279 1530 1318 1584 ac
1343 1513 1520 1588 ferventius

264 1621 299 1695 in
323 1622 422 1695 bonis
448 1641 488 1695 ac
512 1623 575 1716 piis
600 1623 759 1717 operibus
785 1622 984 1697 exercendis
1009 1623 1175 1708 insistere,
1199 1641 1268 1716 quo
1293 1624 1434 1698 uberius
1458 1624 1519 1718 spi·

264 1733 438 1808 ritualibus
462 1735 671 1820 muneribus,
697 1734 917 1826 indulgentiis
940 1725 1106 1819 videlicet,
1125 1740 1159 1808 et
1174 1741 1390 1828 peccatorum
1414 1734 1522 1809 remis·

264 1847 416 1922 sionibus
441 1849 595 1922 noverint
620 1866 696 1922 esse
721 1847 881 1922 refectos:
907 1847 950 1922 de
975 1847 1229 1940 omnipotentes
1255 1846 1316 1922 liei
1340 1847 1519 1922 Misericor-

140 2023 141 2027 Ν
264 1958 318 2033 dia
343 1960 510 2045 confisos
541 1960 650 2034 enixis
674 1960 832 2052 precibus
857 1960 979 2052 Regiae
1012 1958 1298 2034 Confraternitalis
1331 1959 1399 2033 suh
1433 1959 1519 2033 titulo

263 2073 300 2146 B.
317 2073 361 2147 M.
379 2073 419 2146 ll.
437 2080 648 2165 nuncupatae
664 2074 773 2146 Notre
799 2075 909 2146 Domo
927 2071 968 2146 de
986 2075 1156 2146 Moatosel
1180 2070 1295 2145 multis
1312 2072 1355 2145 ab
1373 2072 1452 2146 hino
1468 2089 1519 2142 an·

264 2185 317 2286 uis
342 2185 512 2260 institutae
536 2192 574 2260 nt
600 2204 707 2280 nuper
732 2185 766 2258 in
792 2185 938 2258 Ecclesia
956 2186 991 2260 S.
1008 2183 1178 2259 Michaelis
1204 2184 1355 2258 Civitatis
1382 2190 1416 2258 et
1434 2184 1521 2256 liioe

265 2295 353 2370 cesis
377 2297 588 2391 Burdigaleu.
622 2298 781 2372 canonice
811 2304 940 2370 erectae
970 2297 1117 2390 benigne
1142 2295 1339 2381 inclinatus,
1368 2295 1519 2368 omnibns

265 2408 493 2484 Confratribus
519 2409 708 2504 praedictae
732 2409 1016 2484 confraternitatis
1034 2427 1113 2484 vere
1129 2408 1384 2502 poenitentibus
1402 2408 1522 2482 confes

264 2521 311 2594 sis
324 2539 362 2594 ac
380 2523 414 2595 S.
429 2521 673 2596 Communione
698 2521 841 2606 refectis,
868 2520 1094 2614 supradictam
1111 2519 1295 2594 Ecclesiam
1313 2519 1520 2594 visitantibus

264 2639 299 2706 et
320 2635 416 2725 juxta
441 2641 588 2708 menmm
614 2633 802 2706 sanctitatis
829 2634 917 2706 Suae
942 2633 997 2725 pie
1023 2632 1196 2707 orantibus
1212 2637 1400 2725 sequentes
1417 2631 1521 2706 Plena·

263 2743 330 2817 rias
355 2743 581 2839 indulgentias
599 2744 780 2819 clementer
805 2745 995 2839 impertitus
1020 2751 1084 2818 est.

349 2936 394 3002 l.⁰
415 2937 481 3014 Ouo
501 2938 552 3003 die
574 2939 604 3002 in
626 2936 827 3003 Sodalitatem
847 2937 998 3020 quispiam
1019 2938 1166 3019 recipitur
1187 2936 1361 3001 Plenariam
1387 2934 1517 3000 omnium

267 3039 461 3115 peccaturum
481 3051 608 3099 suorum
628 3033 856 3114 ludulgontfam
877 3038 908 3097 et
929 3034 1137 3097 remissionem
1158 3032 1366 3113 consequitur.

349 3128 394 3192 2⁰
417 3129 609 3210 indulgentia
634 3129 771 3193 Plenaria
794 3129 825 3192 in
855 3129 930 3192 festo
956 3127 1114 3209 principali
1142 3125 1421 3204 Confraternilatis‚
1442 3123 1515 3187 vide·

268 3223 349 3302 licet,
372 3230 433 3288 tarn
454 3227 485 3289 in
509 3225 583 3288 festo
604 3226 637 3287 B.
658 3225 696 3288 ill.
712 3223 856 3304 Virginis,
879 3223 909 3286 in
931 3221 1088 3287 Dominioa
1103 3222 1180 3285 infra
1195 3223 1309 3284 festum
1328 3217 1514 3284 Ascensionis

266 3317 404 3399 Domini,
431 3326 463 3384 el
483 3319 565 3384 diem
586 3318 781 3383 Pentecosten
807 3316 939 3381 inciden.
967 3333 1060 3398 quam
1080 3317 1112 3379 in
1135 3316 1210 3379 festo
1232 3315 1267 3379 S.
1291 3315 1437 3378 Lndoviei
1464 3313 1513 3376 ilo·

267 3413 315 3493 gis
336 3413 515 3478 secundarii
537 3412 797 3478 confraternitatis
817 3411 954 3501 eiusdem
975 3412 1110 3489 Patroni,
1131 3411 1182 3475 die
1202 3426 1311 3492 nempe
1332 3410 1374 3474 25
1387 3405 1512 3488 Augusti

268 3506 456 3584 celebrandi,
478 3507 683 3588 incipiendam
698 3525 714 3571 a
729 3507 835 3589 primis
856 3507 988 3588 vesperis
1010 3522 1107 3586 usque
1129 3505 1167 3570 ad
1190 3521 1331 3569 occasum
1348 3505 1422 3568 solis
1435 3517 1512 3586 prae·

268 3600 419 3666 dictorum
440 3601 571 3665 duorum
591 3601 722 3666 dierum.

347 3695 392 3760 3.⁰
414 3696 606 3777 indulgentia
637 3696 776 3761 Plenaria
797 3697 829 3760 in
852 3701 984 3777 quatuor
1004 3695 1072 3758 aliis
1101 3694 1177 3758 infra
1203 3710 1318 3760 annum
1346 3693 1455 3758 diebos
1478 3689 1512 3752 ab

268 3789 421 3855 ordinario
443 3793 617 3872 oculandis
638 3791 836 3872 designandis
861 3790 1064 3871 incipiendam
1087 3790 1199 3870 pariter
1219 3805 1236 3852 a
1258 3790 1363 3870 primis
1388 3783 1511 3869 vesperis

267 3901 365 3966 usquo
385 3885 422 3950 ad
445 3887 648 3966 praelatorum
669 3886 791 3950 dierum
811 3885 884 3949 solis
901 3901 1055 3948 occasum.

349 3979 394 4044 l.⁰
415 3979 608 4060 indulgentia
637 3979 775 4044 Plenaria
796 3979 826 4042 in
850 3979 910 4042 fine
938 3979 1079 4042 annualis
1107 3978 1251 4043 Secessus
1272 3976 1470 4050 confratrum,
1495 3987 1509 4032 a

267 4072 425 4138 Dominioa
446 4074 639 4139 Ascansionis
659 4074 781 4138 llonrini
803 4073 840 4137 ad
862 4069 1060 4138 Pentecosten
1082 4072 1165 4137 diem
1190 4073 1337 4137 inclusive
1357 4071 1507 4135 decurren-

268 4169 308 4230 tis
328 4165 421 4232 semel
442 4171 680 4251 tuntumspatio
702 4167 927 4250 praedictorum
954 4167 1073 4232 diorum
1096 4167 1134 4232 alr
1155 4183 1340 4250 unoquoque
1363 4163 1509 4229 Confrrtre

269 4262 425 4342 lucranda,
446 4264 497 4329 die
518 4265 634 4342 seilicet
653 4263 895 4358 uniuscujusque
916 4261 1041 4334 arbitrio
1061 4263 1211 4344 eligenda.
