3134 4918
572 325 790 394 -421-

93 455 138 528 rtie
161 459 203 528 to
228 457 317 531 Maii
345 461 439 529 tate
465 461 497 532 ct
516 459 704 556 praecipue
728 459 789 531 suit
815 456 877 530 N.⁰
908 458 971 530 VH
992 457 1038 530 sic
1065 459 1152 530 ait
1165 457 1236 531 Clre
1252 475 1303 530 es·

90 567 178 642 nudo
201 577 304 644 crena
321 569 354 644 la
369 570 430 642 Via
447 570 564 644 Crucis
588 574 675 645 nette
691 547 811 644 chiesa
827 589 888 684 per
904 572 983 662 quet
1009 576 1121 663 tempo
1138 551 1225 661 degli
1246 571 1303 644 ut-

89 681 131 773 oz]
153 682 305 766 ltiriuie
330 682 416 756 detta
441 685 475 756 S
500 685 621 770 Messa,
637 684 845 776 equando
834 673 871 758 'tu
897 684 1016 758 Chiesa
1042 684 1076 755 vi
1100 683 1149 756 sia
1166 685 1209 756 tat
1224 701 1305 756 cou-

88 813 168 870 mrso
191 794 224 868 di
249 796 383 888 popolo,
401 797 464 872 che
479 815 581 889 possa
599 798 754 890 canonas
769 797 913 872 tumutto
929 816 951 870 e
966 797 1128 881 disturbo,
1147 797 1176 898 si
1197 805 1305 874 asten

87 923 158 998 geno
194 906 227 978 di
261 907 452 998 praticarla,
486 914 578 982 tauto
613 910 893 1002 maggiormeute,
928 909 991 982 circ
1023 926 1091 982 uon
1126 907 1305 982 menaea

86 1017 320 1110 inpedimento,
347 1020 375 1092 si
401 1020 533 1094 deuono
566 1021 699 1118 visitare
725 1021 768 1094 ad
799 1039 877 1101 uua,
908 1020 950 1092 ad
984 1039 1049 1092 uua
1074 1021 1105 1092 te
1131 1020 1301 1092 Staziouin

85 1129 129 1202 Er
150 1129 247 1220 taos
271 1133 395 1206 moniti
420 1134 637 1216 conclusione
663 1132 804 1206 arabiam
830 1133 952 1215 arina,
987 1152 1033 1206 an
1068 1131 1306 1226 christifideles

84 1241 113 1313 in
135 1262 260 1336 naam
284 1245 407 1336 papati
432 1264 609 1328 concursu,
636 1247 788 1318 manime
814 1264 891 1318 cam
911 1246 1074 1320 'Ecclesia
1103 1246 1246 1346 repieta,
1273 1249 1306 1316 et

84 1371 261 1446 conpressa
287 1357 332 1430 sit
357 1353 504 1439 dcootis
529 1357 659 1450 possint
684 1358 755 1430 sinc
780 1357 935 1449 corporis
965 1361 1061 1432 mota
1094 1356 1136 1430 ete
1170 1357 1242 1429 ioco
1269 1357 1306 1428 in

83 1465 181 1536 iocum
207 1464 445 1556 indutaemias
476 1469 555 1541 tiae
583 1469 698 1543 Craris
728 1469 888 1542 lucrari?
984 1463 989 1470 ’

145 1577 216 1648 Sec.
244 1577 463 1670 Congregatio
490 1580 699 1672 respondit
687 1581 901 1672 Negative:
931 1580 1061 1672 singula
1086 1582 1178 1655 enin
1209 1583 1306 1654 Sum

82 1688 381 1763 maciomanum
414 1691 554 1766 Decreta
584 1691 749 1765 affirmant
777 1693 863 1766 iuter
893 1691 973 1764 alias
1006 1691 1212 1766 conditiones
1243 1711 1306 1786 pro

82 1799 284 1890 acquirendis
310 1801 499 1874 Stationem
534 1803 615 1878 Viae
645 1802 760 1876 Crucis
790 1803 1018 1896 Indulgentiis
1043 1806 1232 1878 necessario
1257 1821 1308 1878 re·

82 1911 160 2000 quiri
174 1910 321 2002 aliquem
338 1912 495 2004 Corporis
512 1919 653 1996 motum,
679 1919 717 1986 ut
741 1913 862 1989 clarius
878 1911 1081 2002 declaratam
1098 1923 1186 1988 esta
1207 1917 1307 1988 Sacra

82 2021 340 2114 Congregatioue
360 2023 415 2106 (tie
442 2029 488 2099 30
521 2024 728 2118 Septembris
749 2030 856 2099 ¹{837
892 2045 1020 2118 nempe
1040 2027 1135 2100 «cte
1159 2028 1307 2131 siponi

83 2133 157 2206 naa
181 2153 254 2207 una
280 2137 440 2208 stacione
465 2135 623 2210 att'ottro
646 2155 709 2230 per
734 2142 863 2228 quanto
890 2142 1056 2230 panetio
1080 2158 1101 2210 o
1128 2140 1164 2212 to
1192 2140 1306 2237 molti·

84 2245 226 2320 »tanne
259 2245 346 2320 dette
367 2267 524 2340 persona,
556 2248 616 2322 cite
650 2249 685 2322 ta
718 2250 877 2331 visitato,
904 2269 925 2322 o
951 2251 988 2324 ia
1012 2251 1223 2332 ristrettezao
1253 2249 1308 2324 tici

84 2385 94 2417 ι
115 2357 210 2450 tuopo
236 2357 323 2432 aare
348 2379 430 2432 sono
456 2365 569 2435 erette.
586 2415 594 2434 .
611 2415 619 2434 .
636 2390 671 2432 ,ι
696 2361 737 2436 Et
762 2362 808 2434 ita
832 2359 1067 2436 declarasse.
1088 2360 1307 2453 coruscatio

85 2466 129 2542 uie
154 2473 197 2544 ro
222 2469 395 2547 Februarii
423 2476 528 2546 tritt.

633 2671 745 2745 uvttt.

571 2817 809 2886 uounsreuruu.

146 2921 213 2994 Pro
235 2926 340 3018 porte
363 2923 525 3015 Episcopi
541 2924 819 2998 monasteriensis
831 2925 962 3016 petitur
978 2925 1139 2998 resolutio
1160 2923 1309 2998 decisivo

85 3027 364 3120 mancationem
380 3040 572 3127 sequentem
595 3036 715 3106 «Num
732 3036 771 3116 is,
791 3037 850 3125 qui
873 3037 909 3108 in
935 3035 989 3108 die
1006 3036 1089 3129 sesto
1117 3035 1306 3121 Pasciatis,

87 3157 142 3228 aaa
158 3145 352 3217 Benedictio
379 3145 523 3240 Pupatis
547 3144 653 3218 datar
678 3146 723 3218 ab
749 3147 928 3239 Episcopo,
947 3153 978 3219 ct
996 3165 1038 3220 aa
1064 3146 1106 3219 de
1131 3165 1238 3219 caasa
1256 3149 1310 3219 in·

85 3249 267 3346 uacarios
292 3259 477 3332 Ptenorioe
503 3276 678 3332 concessae
703 3265 792 3342 strat,
817 3278 882 3350 pro
909 3257 1087 3331 lucrandis
1113 3257 1164 3329 icis
1191 3257 1309 3331 tadui-

84 3368 192 3450 eentiis
217 3366 442 3442 sanctissima
477 3371 706 3443 Sacramenta
742 3371 987 3451 Paenitentiae,
1014 3374 1046 3444 ct
1071 3369 1311 3442 Eucharistiae

85 3479 219 3572 nsopit,
244 3499 308 3572 per
333 3480 422 3556 nanc
450 3483 756 3555 sacramentorum
783 3483 1026 3574 susceptionem
1051 3483 1156 3556 etiam
1171 3499 1312 3574 mocce-

82 3593 136 3676 pto
159 3593 327 3666 Ecclesiae
353 3593 395 3666 ac
423 3595 668 3671 communione
694 3592 856 3668 Poscnati
880 3594 982 3668 nnat
1013 3593 1219 3688 satisfaciat,
1249 3596 1312 3664 ortt

87 3713 157 3770 run
181 3700 297 3776 ariano
322 3703 448 3776 iterato
467 3701 516 3774 cd
533 3700 618 3776 isaac
646 3704 873 3788 Sacramenta
899 3710 1049 3798 ternpore
1073 3697 1312 3780 Parianae·

88 3807 191 3884 tedae
215 3818 372 3886 taceatur
385 3817 427 3884 i»

148 3923 219 3997 Sao.
247 3924 469 4016 mauregarto
496 3923 617 4017 auditis
643 3925 878 4000 Cousutmrum
898 3926 982 4002 votis
1004 3925 1173 4016 rescripsit
1199 3924 1313 3997 «Con-

87 4033 251 4112 scientiam
279 4037 524 4114 Sanctissimo»
550 4038 624 4124 Quo
649 4039 772 4124 audito,
790 4040 945 4131 sequenti
967 4037 1147 4112 universati
1172 4038 1313 4112 neuen

89 4147 256 4239 respoudit
