3214 4928
793 369 986 435 „18-

839 559 928 634 XXI.

350 697 441 770 Licet
456 697 491 770 in
507 695 648 772 becreto
664 695 738 770 sao.
757 695 1032 791 congregationis
1049 694 1126 769 dato
1151 694 1207 768 die
1233 698 1253 765 7
1279 693 1385 768 biartii
1405 698 1500 767 1378

276 808 357 881 nihil
382 817 548 904 appareat,
574 827 643 902 quo
667 809 896 903 Indulgentiae
920 830 941 882 a
965 809 1019 884 131.
1045 825 1112 882 rec.
1140 807 1300 900 Gregorio
1331 805 1501 880 7111333-

242 984 246 991 .
275 937 390 996 cessae
415 923 572 997 omnibus
597 929 631 996 31
655 923 794 1015 singulis
819 923 991 997 societatis
1007 925 1088 995 lesu
1112 919 1258 1004 clericis,
1277 919 1504 1012 aliisqueuni-

274 1035 381 1106 versis
407 1031 683 1108 christifidelibus
709 1053 787 1108 curn
813 1036 862 1108 eis
888 1035 922 1107 in
947 1051 1150 1128 puerorum,
1176 1039 1210 1105 et
1234 1028 1423 1105 adultorum
1448 1033 1501 1104 13-

272 1147 453 1219 structione
470 1147 513 1220 ad
529 1147 619 1221 Fidei
637 1147 824 1222 catholicae
840 1147 1029 1221 rudimenta
1046 1145 1224 1220 ediscenda
1242 1144 1501 1237 cooperantibus

271 1260 286 1347 (
297 1264 335 1330 ut
358 1258 455 1331 latius
481 1259 515 1332 in
540 1259 646 1344 Brevi,
674 1259 765 1351 quod
790 1260 905 1352 incipit
928 1261 1104 1332 «Pietatis
1120 1263 1153 1330 et
1171 1256 1388 1330 0133113333
1413 1255 1502 1328 cliu-

270 1370 385 1443 ritotis
402 1391 508 1464 opero
526 1379 587 1444 etc.
606 1401 617 1434 ι
643 1371 720 1444 dato
746 1370 863 1444 11327
883 1372 1090 1464 septembris
1110 1370 1425 1458 1331333333,
1442 1375 1502 1443 aut

269 1481 380 1556 nullae
412 1482 663 1574 quomodolibet
694 1483 927 1572 declarentur3
960 1489 1073 1556 tamen
1105 1483 1250 1555 instante
1281 1482 1503 1555 Procuratore

269 1593 421 1667 cenerati
447 1593 599 1686 ejusdem
625 1596 808 1679 societatis,
835 1602 872 1667 ut
897 1593 998 1668 dubia
1022 1594 1271 1677 nonnullorum,
1299 1594 1356 1684 qui
1374 1593 1501 1667 dalilis

269 1705 443 1796 ambigunt
455 1708 592 1779 omnino
605 1707 770 1788 tollantur,
785 1707 858 1778 sac.
876 1706 1096 1800 congregatio
1112 1705 1258 1780 declarat
1270 1704 1501 1798 indulgentias

267 1823 301 1888 et
325 1815 552 1892 demissiones
577 1825 790 1911 peccatorum
815 1818 1001 1912 praedictas
1017 1819 1153 1892 decreto
1170 1835 1233 1890 suo
1249 1817 1340 1889 nullo
1358 1834 1499 1908 prorsus

266 1929 367 2002 modo
393 1927 643 2025 comprelrend.
670 1931 871 2007 1131333113
897 1937 943 2003 22
969 1931 1168 2006 Novembris
1197 1933 1301 2001 1678.

863 2044 1012 2118 11131331
1036 2044 1186 2136 Angelos
1210 2043 1344 2116 11133133
1371 2044 1496 2118 socrat

827 2241 930 2316 XXII.

337 2407 422 2482 cnm
448 2407 611 2482 011313133
637 2386 1014 2483 drobiconlraternitatis
1047 2408 1212 2484 Orationis
1238 2414 1271 2481 et
1296 2405 1411 2481 blortis
1438 2427 1494 2500 ag-

263 2517 423 2612 gregandi
455 2521 660 2605 1333113133,
694 2539 868 2613 novasque
900 2522 1126 2613 indulgentias
1159 2519 1492 2594 conlrotemitatibus

263 2633 448 2723 aggregatis
473 2633 768 2706 communicandas
794 2634 1044 2726 impetraverint
1069 2653 1088 2706 a
1119 2633 1203 2706 felic.
1234 2652 1302 2706 reo.
1329 2633 1430 2705 Paulo
1460 2633 1491 2706 V

261 2743 295 2813 in
321 2745 555 2818 executionem
581 2744 1133 2836 constitutionis«Quaecumque
1159 2766 1182 2817 3
1209 2745 1294 2818 Sede
1319 2745 1489 2837 Apostoli-

261 2874 304 2927 co
317 2863 406 2928 etc.»
430 2856 611 2932 clementis
630 2857 719 2943 Vlll,
740 2859 814 2932 Sao.
829 2859 1049 2951 congregatio
1062 2857 1290 2950 indulgentiis,
1312 2857 1491 2948 sacrisque

259 2967 420 3059 llebquiis
443 2971 642 3062 praeposita,
670 2970 713 3044 ad
744 2971 845 3045 dubia
878 2971 1115 3048 nonnullorum
1148 2969 1293 3052 tollenda
1325 2968 1488 3054 declarat,

257 3079 444 3172 3333113133
467 3082 694 3175 indulgentias
719 3083 867 3176 aliasque
892 3082 1052 3178 deinceps
1077 3085 1269 3166 innovatas,
1295 3087 1352 3153 aut
1377 3081 1490 3157 eidem

256 3189 616 3270 brobioordraternitati
641 3211 819 3272 concessas
845 3196 888 3270 ab
912 3195 1104 3289 1333131133
1129 3194 1234 3279 sede,
1259 3199 1348 3266 ratas
1374 3200 1408 3268 et
1432 3213 1488 3266 va-

173 3363 176 3372 ,
255 3301 339 3377 lidos
365 3323 452 3392 esse,
478 3308 633 3382 333313
658 3307 761 3384 modo
787 3309 1028 3402 comprehendi
1053 3308 1238 3402 nouissimo
1262 3325 1326 3380 suo
1346 3307 1489 3380 Decreto

255 3413 333 3490 dato
358 3418 501 3511 septima
525 3419 581 3494 dia
605 3421 712 3496 Martii
742 3425 846 3494 1678.
873 3422 1000 3496 Romae
1027 3426 1073 3492 22
1097 3419 1296 3496 Nouembris
1326 3423 1431 3492 11178.

890 3534 930 3608 Α.
949 3535 1054 3608 caan.
1071 3533 1251 3606 Houonnos
1268 3533 1451 3604 Pnaunncr.

852 3645 1000 3720 Micbuol
1025 3647 1175 3738 1333133
1200 3646 1333 3720 11133133
1359 3645 1483 3720 secret.

807 3845 924 3916 xxiii.

323 3976 496 4054 concessit
521 3983 600 4056 Pius
626 3979 671 4055 lv
697 3981 926 4060 confratribus
953 3983 1142 4058 sodalitatis
1167 3983 1391 4060 scribentium
1415 3983 1482 4058 113-

250 4105 325 4184 mae
342 4092 376 4162 13
393 4091 541 4166 Ecclesia
557 4097 592 4168 s.
612 4093 759 4167 1133333
776 4097 932 4188 Regionis
949 4097 1097 4170 Parionis
1115 4096 1293 4181 institutae,
1310 4102 1349 4170 ut
1364 4112 1482 4188 quem·

249 4217 396 4292 fflmquo
419 4205 662 4299 Presbyterum
687 4207 898 4284 saecularem
924 4216 981 4284 aut
1001 4207 1200 4302 Regularenr
1225 4215 1276 4284 ter
1299 4208 1335 4280 in
1360 4207 1427 4280 3113
1445 4213 1481 4282 31

250 4311 281 4384 13
308 4317 425 4392 mortis
453 4319 589 4395 articulo
620 4323 751 4399 etiamsi
779 4339 870 4395 naors
895 4329 975 4398 1333
999 4339 1070 4398 non
1093 4327 1264 4414 3333333,
1288 4320 1325 4396 13
1340 4319 1479 4396 contes-
