3120 4924
766 339 985 408 ..εθι-

256 497 373 556 carum
397 476 614 553 concessione
637 477 842 572 umescripto
866 480 1072 570 peraguntur
1095 503 1132 546 a.
1164 473 1206 549 lit
1234 473 1318 546 tacta
1347 489 1410 565 per
1433 488 1492 544 me

256 592 504 686 mnascrtptum
526 591 681 684 ejusdem
705 591 779 664 Sac.
806 589 1080 681 congregationis
1096 587 1319 662 Smretarium
1336 584 1378 658 de
1391 603 1491 679 prac-

254 707 368 782 mimis
393 705 550 787 omuibus
575 705 792 778 Smettssimc
816 701 958 776 Domino
983 703 1105 776 Nostro
1128 701 1299 786 motione,
1324 699 1492 772 samaras

255 821 324 894 Sua
347 819 412 912 plia
436 819 604 893 nouorum
629 815 814 900 desiderils,
839 833 880 888 ac
904 814 991 888 actis
1015 813 1223 900 mdsiaucre,
1249 817 1284 887 ot
1308 809 1491 904 indulgen·

253 932 375 1006 tiarum
401 931 523 1024 gratias
547 931 588 1004 iia
613 929 837 1024 perusinum,
863 927 924 1020 qui
947 927 1004 1021 pia
1019 933 1203 1018 meumque
1218 925 1374 1011 uusado,
1390 925 1493 998 mnis

114 1077 116 1084 s
253 1043 394 1120 ilicium
417 1042 663 1120 lliscricurdiae
687 1041 856 1136 digniores
878 1039 1081 1125 xcfficiuntur¹
1106 1039 1238 1132 elargiri
1253 1058 1356 1132 quam
1381 1038 1493 1112 maxi·

254 1175 311 1232 ms
335 1157 493 1250 cuphus,
518 1156 665 1248 nenium
688 1155 823 1238 anuuit,
848 1160 883 1226 ct
913 1153 1100 1247 mactatum
1128 1151 1299 1228 ludultum
1321 1153 1357 1225 in
1382 1152 1494 1225 iorma

254 1271 483 1364 suarmcrlpta
505 1267 676 1362 eumdirl,
700 1273 735 1342 ct
758 1265 918 1360 puhdcari
943 1265 1129 1356 mandarit3
1154 1265 1426 1358 quibuscumque
1454 1265 1494 1337 in

255 1383 459 1458 macariom
483 1381 682 1455 facientibus
706 1397 776 1453 nou
792 1379 1014 1454 amantibus.
1032 1381 1153 1457 Datum
1170 1397 1215 1453 ca
1232 1379 1420 1453 Sacramm
1432 1379 1494 1451 Sa·

256 1513 332 1572 crac
277 1494 631 1656 dongrcgatiouis
656 1491 941 1586 indulgentiarum
957 1492 1012 1566 dis
1037 1498 1060 1566 tl
1083 1491 1281 1566 Decembris
1308 1493 1414 1565 llll.

852 1605 891 1680 ll.
919 1605 1022 1678 dara.
1048 1600 1281 1679 Aarormcus
1290 1603 1414 1679 Pater.

823 1718 930 1792 l.
956 1719 1007 1793 llo
1034 1717 1219 1793 daniticos
1241 1719 1364 1792 dacrct

809 1914 933 1990 cclx,

449 2060 578 2118 onnlltls
603 2060 751 2117 mosoll
776 2059 1048 2118 commonitu!
1072 2063 1101 2118 S.
1126 2059 1295 2119 intddtsttt

329 2167 567 2244 smctnstmua
591 2169 756 2245 llomiuus
779 2169 899 2244 linatur
916 2169 959 2242 ad
983 2170 1101 2244 cnixas
1120 2186 1242 2264 preces
1264 2169 1317 2243 Fr,
1335 2167 1492 2262 llyaclnti

254 2281 377 2360 namu
401 2283 548 2357 llarbsrii
564 2283 791 2358 Pmcuratotis
807 2285 979 2359 Generalis
996 2283 1129 2358 Ordinis
1153 2285 1322 2360 Miaccum
1336 2283 1493 2358 donum-

254 2395 396 2470 tuallum
420 2397 465 2470 8.
480 2396 647 2470 draucisci
672 2397 843 2472 concessit¹
860 2398 896 2469 in
921 2397 1070 2490 qnalibet
1093 2395 1246 2490 dusdom
1271 2395 1405 2470 &duis
1425 2397 1493 2471 Ec·

256 2509 357 2584 alania
372 2509 500 2601 unique
512 2510 670 2591 locorum
691 2517 800 2585 oracta
816 2516 850 2584 ot
868 2509 1026 2604 erigenda
1042 2509 1285 2602 indulgentiam
1302 2509 1492 2584 Planasiam

256 2639 319 2718 pao
342 2621 501 2696 omnihus
536 2621 732 2696 lucrandam
764 2623 800 2696 in
824 2641 894 2698 uuo
918 2641 1041 2698 novom
1069 2623 1201 2699 dierum
1224 2624 1492 2718 praeparationis

255 2735 299 2809 ad
323 2735 460 2808 Festum
482 2734 718 2829 Conceptionis
742 2736 779 2810 tt.
804 2737 849 2814 ll.
874 2736 915 2810 V.
932 2737 1166 2810 immaculatae
1181 2737 1230 2810 nti
1256 2735 1412 2810 antedicti
1429 2737 1494 2810 Or·

254 2847 341 2921 dinis
367 2847 539 2922 Paeonas
563 2849 604 2922 in
629 2849 702 2924 aliis
726 2867 808 2925 acro
825 2850 945 2925 dicbus
968 2868 1030 2944 pro
1055 2851 1264 2944 expositione
1281 2851 1494 2924 daumasimi

256 2959 464 3034 sacramenti
486 2965 625 3036 dentum
642 2961 773 3038 dicrum
790 2962 1033 3056 indulgentiam
1057 2963 1214 3056 elargitum
1230 2969 1291 3038 est.
1309 2958 1495 3056 lutusque

255 3069 433 3260 smus
443 3073 513 3150 Sua
536 3070 732 3169 huiusmodi
762 3075 903 3170 matiam
928 3077 1100 3172 perpetuis
1128 3075 1249 3226 tutans
1280 3076 1495 3188 temporibus

254 3199 276 3259 a
373 3203 439 3261 am

326 3300 448 3374 Datum
472 3300 599 3375 Romae
623 3321 667 3376 eu
691 3301 876 3377 secretaria
901 3303 975 3379 Sao.
1002 3302 1276 3398 congregationis
1308 3301 1493 3395 inungen-

254 3409 376 3486 tiarum
401 3409 456 3486 dia
477 3414 531 3485 ,lo
555 3411 678 3508 Audis
705 3419 812 3490 lint.

989 3531 1019 3604 r.
1045 3531 1097 3604 oe
1123 3528 1310 3604 centron
1336 3509 1475 3604 secret·

801 3724 938 3810 cetur.

418 3889 422 3906 ·
536 3897 538 3902 -
563 3867 691 3924 naniam
716 3870 928 3928 ammarum
953 3873 981 3928 a.
1007 3869 1178 3938 annosum

328 3973 569 4050 sauctmtmas
581 3989 629 4049 aa
650 3975 785 4071 speciali
801 3979 906 4072 gratie
919 3982 1138 4056 concessit-lu
1154 3985 1354 4076 perpetuum
1371 3978 1406 4052 a.
1426 3979 1493 4054 Ge

255 4085 361 4161 nardi
385 4102 447 4182 pro
471 4093 624 4182 mmpore
647 4089 784 4166 Ordinis
799 4091 1021 4168 Ercmitarum
1046 4089 1080 4168 S.
1106 4094 1284 4186 Augustini
1299 4091 1491 4167 laudonem

256 4197 405 4292 erigendi
421 4200 457 4272 in
474 4216 689 4296 utracumque
704 4203 857 4280 Ecclesia·
877 4206 931 4280 sui
946 4205 1082 4281 Ordinis
1110 4207 1316 4300 ubicumque
1338 4206 1492 4281 incorum

255 4312 422 4388 exinanis
445 4309 757 4394 Condatoruitatem
781 4319 847 4396 sub
871 4317 1083 4397 invocatione
1105 4319 1141 4399 ll.
1167 4321 1210 4402 lt.
1236 4319 1278 4398 V.
1303 4319 1386 4396 nnat
1401 4319 1491 4396 Gon·
