3120 4924
544 348 761 414 *229-

83 478 186 552 soleae
206 479 297 554 Sedis
312 480 427 554 Status
445 482 655 576 propensiori
677 482 854 558 devotione
871 487 905 556 et
921 482 1072 576 ampliori
1096 485 1186 560 cultu
1212 505 1271 579 pe·

82 592 130 683 up
149 611 349 687 summopere
373 593 480 681 decet,
498 595 612 688 itaque
629 595 867 670 sanctissimus
883 596 1045 670 Dominus
1061 596 1181 674 Noster
1196 598 1272 674 Cle·

82 721 150 777 ucns
171 705 225 778 PP.
249 707 324 782 XIII
348 707 433 782 haec
456 708 597 802 provido
622 715 657 783 et
677 708 733 801 pio
751 709 862 782 animo
880 709 949 782 Suo
965 716 1135 803 reputans,
1153 717 1191 785 ut
1206 712 1271 784 Eo·

82 816 197 890 undem
211 818 372 894 memoria
388 839 427 894 ac
443 801 623 916 triumphus
640 819 823 894 ferventius
840 839 879 894 ac
895 820 1081 914 religiosus
1096 824 1271 908 recolatur,

81 927 205 1002 udrersis
228 932 405 1024 utriusque
429 951 534 1007 sexus
564 932 842 1008 cmisufloellnus
866 934 903 1007 in
927 941 994 1006 tota
1020 935 1190 1008 Pontificio
1216 936 1272 1007 lli-

80 1040 155 1114 cione
176 1042 405 1129 existentibus,
432 1046 490 1137 qui
516 1064 595 1119 vere
620 1045 830 1138 poenitentes
847 1045 990 1118 confessi
1009 1065 1047 1118 ac
1064 1049 1098 1120 S.
1117 1046 1273 1120 Commu·

77 1152 147 1226 tione
166 1155 275 1229 relecti
300 1158 455 1251 propriae
479 1159 648 1232 Ilioecesis
665 1158 846 1232 Ecclesiam
864 1156 1096 1231 Cathedralem
1114 1158 1168 1232 die
1190 1161 1273 1235 llar-

77 1263 134 1353 lpio
154 1266 346 1342 Sanctorum
371 1268 608 1362 Apostolorum
634 1271 733 1355 PetrI,
752 1277 785 1345 et
801 1270 893 1343 Pauli
910 1277 1102 1344 consecrata
1119 1290 1139 1342 a
1155 1271 1272 1362 primis

75 1378 189 1467 ruperis
206 1397 316 1472 usque
332 1380 375 1452 ad
391 1399 548 1456 occasum
565 1383 646 1457 solis
663 1381 783 1456 deuote
800 1383 1015 1467 visitaverint,
1033 1401 1095 1476 pro
1111 1383 1145 1454 S.
1159 1382 1273 1457 lllatris

73 1483 204 1564 &clune
228 1493 441 1578 exaltatione,
467 1493 732 1568 Christianorum
759 1495 950 1587 Principum
976 1493 1164 1578 eoncordia,
1190 1495 1274 1566 Hae

72 1615 155 1673 tuum
178 1605 409 1698 extirpatione,
435 1612 468 1680 et
493 1605 655 1680 Fidelium
681 1608 900 1681 conversione
925 1607 980 1700 pie
1006 1607 1183 1694 oraverint,
1200 1606 1272 1676 Ple·

71 1711 167 1786 itiam
178 1717 328 1790 omnium
342 1718 555 1810 peccalorum
569 1737 708 1792 suorum
722 1717 965 1810 Indulgentiam
980 1723 1013 1791 et
1028 1718 1273 1792 Remissionem

70 1828 205 1916 perpetuis
229 1829 352 1904 tuturis
377 1830 585 1924 temporibus
609 1831 867 1904 misericorditer
884 1832 918 1904 in
936 1832 1079 1904 Domino
1096 1830 1272 1914 concessit,

69 1942 143 2028 thtu
163 1939 311 2018 indulsit.
337 1943 458 2018 Italum
483 1943 609 2018 Itomae
633 1943 689 2018 dle
716 1948 761 2015 28
787 1943 909 2037 Aprilis
936 1948 1042 2016 lior.

697 2055 736 2130 N.
764 2056 868 2130 daun.
894 2054 1111 2129 Aurouuuuus
1137 2057 1259 2128 Pauor.

806 2170 840 2242 S.
866 2169 999 2260 Borpio
1026 2169 1151 2242 Socra

561 2280 744 2357 CCXCVII.

512 2413 697 2468 socrmarrs
722 2414 796 2468 rrsu

118 2500 165 2575 lld
187 2503 392 2582 humillimas
416 2522 536 2598 preces
561 2507 729 2580 Laurentii
754 2506 844 2579 llicci
869 2503 1045 2578 societatis
1069 2504 1150 2576 Iesu
1179 2502 1277 2574 Prae·

65 2614 141 2702 positi
163 2616 336 2692 Generalis
362 2619 601 2694 sanctissimus
626 2619 789 2694 Dominus
812 2619 931 2694 Noster
947 2616 1103 2690 Clemens
1120 2615 1183 2688 PP.
1198 2613 1276 2687 XIlI

65 2719 183 2818 lmigne
206 2730 385 2804 inclinatos
402 2729 648 2822 indulgentiam
664 2730 849 2803 Plenariam
866 2730 901 2803 in
918 2735 1120 2823 perpetuum
1138 2743 1275 2799 conces·

65 2849 118 2910 sam
139 2839 273 2915 clericis
297 2843 518 2935 Regularihus
544 2842 696 2936 ejusdem
722 2843 896 2916 societatis
921 2843 956 2914 in
974 2841 1069 2914 Feria
1086 2845 1182 2914 sexta
1197 2845 1276 2931 post

65 2945 198 3026 &uram
223 2953 432 3028 SanctissImi
457 2954 614 3048 Corporis
640 2954 762 3028 Christi
779 2955 962 3027 elementer
978 2949 1130 3025 exlendit
1146 2949 1189 3022 ad
1205 2949 1277 3022 uni·

64 3075 156 3138 lusos
179 3068 357 3160 utriusque
381 3086 485 3142 sexus
510 3068 762 3153 christifideles,
788 3069 848 3161 qui
873 3085 952 3140 vere
970 3065 1179 3158 poenitentes
1200 3081 1277 3134 con-

63 3169 133 3261 lessi,
155 3197 194 3253 ac
219 3181 254 3252 S.
280 3181 524 3255 communione
549 3181 662 3255 reiecti
689 3181 724 3254 in
740 3180 888 3276 praelata
904 3180 1000 3254 Ieria
1015 3183 1112 3250 sexta
1129 3177 1275 3266 aliquam

63 3283 223 3366 &nimiam
236 3293 397 3387 praedicti
409 3293 542 3368 Ordinis
555 3293 761 3385 ubicumque
778 3294 928 3368 locorum
941 3292 1141 3366 existentem
1157 3286 1278 3360 devote

64 3399 258 3491 intererint,
285 3407 401 3498 ibique
424 3425 485 3499 per
511 3405 648 3498 aliquod
673 3407 834 3499 temporis
859 3405 1004 3499 spatium
1030 3410 1108 3476 ante
1133 3401 1277 3474 Sanctis·

65 3511 170 3588 dnum
183 3517 409 3592 Eucharistiae
424 3518 688 3602 Sacramentum,
707 3518 759 3592 vel
777 3525 854 3591 anta
871 3515 1055 3590 servatoris
1072 3512 1182 3590 Nostri
1198 3513 1278 3584 lesu

61 3619 226 3718 loannem
249 3632 346 3723 juxta
370 3637 519 3704 mentem
545 3630 733 3704 sanctitatis
759 3631 848 3704 Suae
872 3629 945 3722 pias
972 3627 1014 3700 ad
1035 3628 1142 3699 ileum
1159 3639 1278 3716 preces

64 3733 232 3816 eduderint
265 3743 445 3834 voluitque
469 3741 596 3816 Eadem
622 3743 787 3816 Sanctitas
812 3743 879 3815 Sua
911 3736 1105 3832 hujusmodi
1140 3735 1280 3828 gratiam

64 3844 177 3944 amque
198 3854 265 3928 ulla
286 3855 402 3929 Brevis
419 3853 634 3947 expeditione
650 3854 822 3948 perpetuis
838 3853 958 3926 tuturis
975 3848 1184 3941 temporibus
1210 3845 1280 3919 lore

64 3960 228 4038 trituram.
246 3965 367 4042 Italum
383 3967 510 4040 Itomae
527 3985 571 4040 ex
587 3967 771 4042 Secretaria
787 3966 862 4039 Suc.
880 3957 1154 4055 congregationis
1170 3955 1281 4030 Indul-

63 4076 231 4160 tertiarum
254 4082 309 4158 dle
335 4088 357 4156 2
383 4083 473 4158 Iunii
500 4085 607 4156 lidi.
1196 4165 1203 4173 Ι

655 4193 693 4269 Ν.
720 4192 826 4272 Cano.
852 4191 1070 4264 morandus
1095 4185 1218 4260 raam.

762 4309 796 4380 S.
823 4301 955 4396 Borpio
982 4300 1107 4378 sacrm
