3134 4918
9 149 11 256 i

9 447 12 544 i

610 335 871 422 -ise-'

111 497 190 570 sorio
226 497 278 570 nii
309 496 462 589 [omnnia
487 514 511 568 a
535 512 609 568 son.
639 511 704 568 me.
737 493 904 567 Clemente
942 494 1022 568 VIII
1051 495 1259 589 approbata,
1285 512 1334 569 on

112 609 180 683 satis
205 609 271 684 erit
297 626 356 683 eas
381 605 535 701 eripendi
560 623 637 680 cum
661 604 866 698 Diptomate
885 606 1122 698 cujuscumque
1150 608 1333 703 formulae,

112 721 283 815 episcopan
308 721 404 814 sipno
431 715 789 812 eminentemque,
823 719 942 793 aiinto
960 720 1154 813 apostolico
1181 719 1331 804 indutio,

108 835 219 907 nmiio
246 851 379 926 quoque
410 832 475 927 {iot
506 834 579 905 tum
604 830 646 905 de
676 832 871 906 necessitate
904 830 1122 906 adscribendi
1146 831 1330 906 &dotium

108 945 236 1018 mnino
252 947 291 1019 in
308 937 656 1027 Sodoiitutisnioum
674 947 747 1016 ium
764 942 806 1016 de
828 942 995 1018 distantia
1020 942 1204 1026 sanandos
1222 949 1331 1038 prom

109 1057 245 1132 iiam
276 1057 353 1132 th
377 1075 451 1132 suu.
477 1075 541 1130 me.
567 1057 605 1128 in
630 1071 695 1130 sua
721 1057 965 1134 Constitutione
989 1057 1224 1151 praescribit?

168 1171 241 1245 Sao.
259 1169 480 1263 congregatio
497 1167 671 1263 respondit
698 1169 891 1262 «negativo,
909 1167 972 1243 sad
988 1169 1188 1246 conformari
1207 1167 1333 1254 debent

106 1279 224 1358 litteris
249 1281 451 1376 Apostoliais
475 1281 730 1376 particularibus
754 1277 797 1356 ab
820 1283 903 1374 ipsis
920 1281 1276 1368 ordinariisohtentis,
1299 1284 1333 1357 et

106 1393 154 1468 obi
177 1395 213 1469 in
244 1395 520 1470 assensionibus
553 1394 773 1468 enuntiatur»
804 1395 950 1470 semoto
986 1396 1229 1471 Constitutione
1256 1395 1330 1470 Gie-

106 1508 216 1582 nemis
238 1507 320 1582 Vni
339 1535 351 1572 ι
367 1508 433 1582 hoc
449 1507 585 1600 respicit
600 1504 808 1581 conditiones
825 1509 860 1584 in
872 1506 945 1600 ipsa
962 1507 1206 1583 Constitutione
1222 1521 1330 1583 enun-

106 1619 205 1706 ciatas,
232 1637 321 1714 qnae
345 1626 427 1696 sunt
458 1619 705 1706 observandae,
738 1615 875 1694 minime
900 1639 981 1694 raro
1013 1621 1207 1707 formulam,
1242 1634 1330 1714 quae
1451 1715 1458 1725 .

104 1733 228 1827 respicii
251 1734 450 1828 Superiores
479 1734 661 1825 Regulares
686 1732 722 1806 in
747 1745 865 1807 eornm
897 1733 1031 1810 Ordinis
1053 1735 1193 1808 'mutum
1223 1735 1329 1810 Soda-

104 1843 236 1920 iitrtinus
262 1845 477 1942 ungendis».
504 1845 551 1930 ita
576 1844 651 1919 Sao.
677 1845 804 1938 canpe
825 1844 880 1920 die
906 1849 952 1919 11
978 1845 1124 1923 ianuarii
1153 1849 1258 1921 1811.

634 2053 794 2132 mxxvi„

615 2226 814 2340 aurursus
958 2247 963 2256 '

162 2411 349 2505 Episcopus
373 2409 560 2486 aniciensis
577 2407 755 2501 efflopitot,
773 2414 811 2483 ut
827 2414 978 2502 tempore
991 2408 1149 2504 proximi
1163 2409 1324 2498 dubitari,
1454 2389 1463 2404 ⁸

102 2535 191 2610 onem
215 2522 455 2597 sanctissimus
480 2527 540 2596 etc.
567 2519 738 2595 Ecclesiae
754 2523 795 2593 E.
813 2523 859 2594 M.
869 2522 916 2595 ..V.
942 2521 1124 2605 aniciensi,
1151 2523 1327 2612 scandona

101 2649 270 2710 comunem
294 2634 371 2729 sesti
395 2634 676 2708 annuntiationis
705 2649 783 2708 cnm
814 2633 904 2728 [erio
936 2639 1035 2708 secta
1056 2636 1104 2707 ,in
1135 2637 1325 2710 Parasceua

101 2744 353 2841 inperpetuum
376 2765 544 2821 renouare
570 2744 732 2839 dipnatns
762 2750 820 2828 est,
848 2765 919 2820 ana
952 2746 1137 2840 eodemque
1171 2747 1327 2822 Commu-

100 2857 192 2932 ntone
217 2854 502 2952 christifidelibus
526 2857 616 2932 tona
642 2857 843 2932 Planasiam
858 2857 1115 2953 indnipmtiom
1133 2861 1266 2936 inarari
1277 2862 1324 2936 si·

100 2970 164 3042 mut
178 2977 209 3046 et
225 2969 394 3046 Posanoie
408 2971 635 3064 messapiam
653 2970 843 3064 adimplere
854 2973 997 3065 possim.
1015 2971 1112 3048 noae
1126 2975 1327 3067 pasinianu

100 3083 207 3172 maiia
223 3086 374 3178 propter
396 3099 565 3176 mannum
590 3083 650 3176 pai
669 3080 895 3176 praesidetur
925 3081 1078 3177 fidetium
1097 3101 1323 3171 :coneursum

99 3195 265 3290 ctiorson
289 3197 460 3291 imparem
487 3195 780 3291 confessariorum
809 3195 956 3289 copiam.

165 3309 236 3384 Saa.
264 3311 494 3403 congregatio,
508 3309 564 3382 ad
588 3319 707 3403 preces
732 3304 919 3386 aniciensis
935 3305 1092 3403 Episcopi
1116 3305 1322 3404 responden·

100 3415 173 3493 dum
188 3417 321 3496 censuit
337 3421 527 3496 «sendum
543 3421 715 3515 responsis
732 3421 899 3516 Episcopo
916 3419 1178 3507 monasteriensi,
1196 3421 1252 3497 dio
1274 3429 1318 3496 19

98 3529 194 3606 nanti
217 3533 381 3628 superiori
401 3551 490 3608 anno
515 3532 602 3606 datis
626 3549 688 3626 pro
714 3531 932 3626 indulgentiis
945 3533 1071 3627 Papaii
1093 3529 1319 3608 Benedictioni

98 3641 239 3732 rorans,
265 3663 391 3740 nempe
415 3647 507 3720 «Per
534 3644 782 3739 confasionem
807 3649 841 3719 et
867 3645 1145 3720 communionem
1170 3641 1225 3718 die
1249 3643 1325 3720 Pa·v

98 3751 498 3836 sennenssrrranoms
508 3761 703 3852 peractam,
722 3761 754 3832 et
770 3757 1025 3852 indnipentiam
1037 3755 1238 3832 Pimocinm
1253 3753 1321 3831 Pa·

94 3865 167 3957 poti
178 3871 410 3946 Emedictioni
427 3869 603 3966 aduenam
621 3869 763 3956 inarari,
781 3875 815 3946 et
830 3871 913 3948 sotis
937 3871 1123 3966 moecepto
1141 3863 1321 3952 Posaiutis
1471 3871 1474 3878 '

97 3977 188 4070 ieris
209 3982 258 4057 lte
282 3981 358 4057 San.
383 3982 507 4077 congr.
523 3984 558 4057 in
582 3979 835 4060 monasteriensi
859 3983 914 4058 dio
942 3979 986 4056 iit
1011 3979 1119 4058 Martii
1145 3977 1320 4056 1811111

98 4087 268 4176 meecan
293 4095 349 4172 die
377 4096 422 4170 it
448 4093 643 4173 limenoris
671 4098 776 4186 1811,
802 4101 836 4171 et
861 4093 916 4172 die
942 4090 1160 4170 attenuari
1188 4091 1293 4168 1812.
