3134 4918
786 371 1003 438 -396-

283 505 421 580 minime
446 505 648 598 prohibitum
672 512 725 579 est
750 523 824 578 eam
850 505 915 578 alio
940 522 1155 598 quocumque
1188 503 1342 578 idiomate
1368 511 1497 588 secure,

283 625 318 692 et
342 635 490 702 exarare,
508 617 569 691 sed
585 624 740 690 manetur
764 618 886 710 potins,
914 617 1007 711 quad
1030 618 1112 690 siin
1130 635 1342 708 mamque
1367 617 1500 707 11111111

283 731 394 823 aperis
419 729 577 812 editione,
594 749 653 803 sorr
670 731 822 804 versione
838 731 1076 822 cujuscumque
1093 729 1268 802 idiomatis
1293 734 1365 802 tam
1390 731 1425 802 in
1450 730 1500 799 bb·

283 843 323 915 be
348 861 454 935 qnam
478 847 580 915 entra
605 848 766 924 exarata,
783 843 850 917 'ael
875 861 964 934 puae
988 844 1133 916 exarari
1157 843 1346 934 contingat,
1373 841 1500 914 dubium

281 954 425 1046 alipnad
455 954 597 1028 subinde
629 957 820 1037 emerserit,
852 957 922 1029 siae
954 954 1073 1047 quand
1100 953 1401 1046 indulgentiarum
1431 971 1498 1026 can·

282 1069 454 1150 cessiones,
480 1069 549 1142 siae
567 1069 684 1161 quood
697 1070 931 1162 praescriptas
956 1067 1165 1143 conditiones
1191 1067 1440 1160 adimplendas,
1460 1063 1500 1137 ad

278 1186 490 1275 postremam
522 1179 611 1254 banc
644 1179 837 1255 Editianem
873 1182 972 1274 lippis
1004 1181 1181 1256 Michaelis
1214 1179 1501 1272 Panope-Saluiam

282 1295 440 1386 pnamtor
465 1313 638 1376 eccasnm,
663 1299 697 1368 ot
721 1296 758 1367 in
782 1295 889 1387 ipsins
915 1297 992 1368 Sao.
1021 1295 1303 1387 congregationis
1326 1293 1500 1366 secretam

282 1405 496 1480 asserlmtam
511 1425 666 1479 recursus
682 1405 862 1479 habeatur.
892 1407 958 1479 «Et
975 1405 1019 1479 ita
1036 1407 1109 1478 Sac.
1136 1405 1359 1498 congregatio
1376 1403 1499 1484 censuit

282 1526 316 1591 et
340 1517 526 1592 declaravit.
554 1519 614 1592 Die
642 1524 684 1590 11
712 1519 786 1610 Maji
815 1521 920 1591 1838.

808 1757 991 1831 CDLXXlI.

759 1989 1037 2044 annuntianti.

356 2195 457 2269 Multi
487 2197 650 2266 Doctores
682 2195 889 2268 contendant
920 2194 969 2268 ad
1001 2193 1190 2269 lucrandas
1218 2197 1252 2269 S.
1292 2196 1374 2268 Viae
1404 2191 1502 2266 Crucis

283 2305 518 2398 indulgentias
535 2307 673 2378 ommino
690 2309 917 2380 necessarium
933 2327 1001 2381 esse
1017 2309 1164 2382 recitare
1190 2309 1301 2380 socies
1321 2307 1502 2380 ememor

283 2419 512 2500 Dominicam,
539 2422 572 2490 et
596 2419 795 2510 angelicam
821 2421 1076 2498 Salutationem
1097 2426 1176 2514 pasl
1202 2421 1382 2494 absolutas
1406 2435 1502 2493 annu

284 2532 475 2619 Statioues;
501 2549 577 2602 cuna·
604 2534 719 2602 nutem
745 2530 828 2603 baec
854 2531 1003 2604 conditio
1030 2534 1198 2625 apaacis
1223 2531 1382 2626 fidelibus
1406 2529 1500 2604 odim·

279 2643 430 2735 plentur,
449 2640 651 2732 neopum
676 2644 839 2734 Superior
855 2644 1064 2717 lesnitaram
1087 2646 1262 2718 Bituricam
1286 2645 1417 2737 quaerit
1439 2647 1501 2712 cau

284 2755 355 2827 sine
376 2751 560 2846 praedicta
588 2754 761 2826 Orationis
788 2755 999 2839 flaminicae,
1025 2761 1057 2829 et
1081 2757 1266 2847 angelicae
1293 2752 1501 2830 Salutationis

283 2866 493 2947 recitatione,
520 2863 757 2958 indulgentiae
784 2869 978 2942 Stationem
1017 2870 1096 2943 Viae
1130 2869 1247 2943 Crucis
1274 2871 1407 2944 lucrari
1437 2883 1500 2959 quo·

285 2981 568 3061 autumnat»

358 3093 431 3165 Sao.
458 3091 676 3184 congregatio
702 3095 873 3186 respondit
898 3103 935 3168 ut
960 3095 1112 3188 sequitur
1135 3095 1258 3183 «Quod
1274 3097 1422 3170 recitatio
1437 3095 1500 3166 bra·

284 3205 383 3278 tinnis
418 3203 627 3288 Dominicae
654 3213 687 3278 el
712 3205 888 3297 Argolicae
913 3208 1124 3282 salutationis
1141 3215 1207 3281 tam
1229 3227 1290 3302 pro
1316 3219 1501 3300 unaquaque

285 3318 367 3391 Viae
392 3316 508 3390 Crucis
533 3318 691 3402 Statiano,
710 3338 811 3410 quam
829 3320 940 3392 sexies
966 3321 1056 3413 ipsas
1081 3339 1198 3414 preces
1223 3323 1343 3395 iterare
1369 3327 1440 3414 post
1457 3315 1501 3386 ab

286 3429 412 3502 salutas
437 3446 556 3503 amnes
573 3431 738 3504 Slalianes
760 3433 806 3504 sit
823 3439 951 3506 uatum
978 3434 1150 3507 laudabilis
1176 3432 1384 3508 consuetudo
1400 3453 1418 3504 a
1434 3447 1500 3503 nan-

286 3541 384 3614 nnllis
412 3542 555 3626 inducta,
582 3544 719 3616 minime
749 3563 829 3617 aero
855 3548 1043 3620 necessaria
1069 3545 1111 3619 ad
1135 3545 1387 3620 luaniaciendas
1417 3542 1500 3632 bajus

287 3655 369 3725 Viae
395 3654 510 3726 Crucis
535 3653 770 3746 indulgentiam,
796 3657 893 3742 clare,
921 3665 1102 3751 aperteque
1127 3658 1304 3733 declararit
1332 3659 1404 3730 Sao.
1430 3655 1499 3726 Cau·

286 3766 433 3858 gregalia
459 3765 674 3858 indulgentiis
699 3770 886 3860 praeposita
903 3770 938 3842 iu
963 3770 1244 3845 admonitionibus
1265 3769 1434 3844 servandis
1452 3778 1500 3857 pra

289 3879 369 3950 Viae
395 3877 510 3951 Crucis
536 3880 693 3952 exercitia
719 3881 926 3972 peragendo,
950 3885 1063 3975 jussu,
1090 3891 1123 3957 et
1148 3885 1384 3978 approbatione
1408 3877 1498 3953 editis,
1539 3963 1540 3967 Ν

288 3997 360 4062 tum
386 3989 565 4064 Clementis
590 3993 651 4063 1111
675 3993 739 4065 sub
765 3991 819 4067 die
837 3999 857 4066 3
877 3994 998 4088 Aprilis
1026 4000 1132 4081 1731,
1159 4003 1230 4069 tum
1255 3993 1418 4070 Benedicti
1437 3983 1499 4062 11111

288 4101 353 4174 sub
379 4101 432 4176 die
462 4109 506 4175 10
527 4105 601 4197 Maji
631 4109 771 4178 1712».
797 4107 839 4182 nt
864 4109 984 4182 ilerum
1001 4109 1075 4183 Sao.
1094 4110 1313 4203 Gangregatio
1330 4101 1497 4183 emansit.

287 4212 349 4286 bie
374 4218 396 4287 2
422 4215 509 4288 lunii
538 4221 641 4290 1838.

1532 4751 1537 4889 1
