3164 4926
808 375 1026 442 -l32-

814 567 1016 642 clxxviii.

790 727 1045 786 FESULANA
1110 753 1114 766 ·

373 849 426 923 nu
451 846 653 922 humillimas
676 865 796 940 preces
821 848 976 922 moderni
992 842 1150 938 Episcopi
1165 839 1321 914 Fesulani
1334 840 1548 934 exponentis

301 962 527 1055 infrascriptas
564 961 714 1052 quinque
752 960 917 1032 Ecclesias
956 957 1108 1050 ejusdem
1146 955 1351 1049 respectivae
1387 954 1549 1028 Civitatis

302 1073 472 1148 ltioecesis
498 1079 530 1146 et
555 1071 775 1156 Residentiae,
804 1071 1019 1165 amplissimis
1043 1073 1111 1164 jam
1137 1069 1310 1162 insignitas
1331 1065 1550 1142 esselndul·

303 1188 434 1280 genitis,
452 1186 691 1260 documentum
708 1203 789 1260 vero
805 1185 1001 1276 hujusmodi
1016 1184 1290 1267 concessionum,
1308 1188 1438 1276 praeter
1455 1199 1552 1254 non·

302 1300 411 1376 nullas
430 1299 681 1372 ‘vetustissimas
706 1299 742 1370 in
773 1296 922 1390 quodam
954 1297 1082 1388 lapide,
1112 1295 1348 1388 aliquibusqne
1374 1294 1457 1368 loliis
1486 1293 1553 1366 ad-

303 1414 490 1489 notationes
515 1429 582 1498 non
609 1411 762 1494 inveniri,
789 1409 934 1502 ideoque
958 1408 1175 1501 supplicantis
1200 1397 1265 1480 rel'
1274 1409 1364 1500 ipsas
1385 1407 1552 1496 antiquas

305 1523 506 1606 confirmari,
534 1521 586 1594 vei
616 1522 711 1594 alias.
729 1521 772 1594 cie
801 1539 890 1593 novo
920 1518 1074 1608 concedi3
1108 1519 1345 1592 sanctissimus
1377 1517 1552 1590 Dominus

304 1637 425 1725 Noster
449 1633 648 1711 Benedictus
674 1635 736 1708 PP.
764 1635 841 1708 lllll
867 1633 1025 1707 eumdem
1050 1633 1255 1725 Episcopum
1276 1630 1413 1725 speciali
1428 1631 1554 1706 lavore

305 1747 466 1844 prosequi
492 1742 626 1832 volens,
652 1753 784 1822 serrata
816 1745 1034 1839 coeternqnin
1061 1747 1293 1820 oeconomicon
1321 1743 1554 1836 indulgentia·

306 1878 381 1932 rum
409 1858 668 1952 dispensationis
694 1859 933 1945 moderatione,
959 1877 1023 1932 nec
1047 1877 1117 1932 non
1132 1857 1295 1932 hodierna
1311 1855 1468 1930 laudabili
1486 1857 1555 1930 Ec-

307 1972 427 2046 clesiae
441 1971 625 2065 disciplina,
634 1992 673 2045 ac
686 1973 821 2067 praevia
833 1974 869 2045 in
880 1971 1001 2051 iisdem
1015 1971 1329 2065 quinqueEcclesiis
1342 1977 1554 2044 assectarum

308 2091 461 2158 veterum
487 2091 521 2158 ot
545 2102 837 2178 quaemcumqne
863 2087 1003 2160 aliarum
1024 2084 1308 2177 indulgentiarum
1333 2083 1555 2158 revocatione

309 2193 364 2269 die
390 2202 412 2270 2
438 2197 514 2269 lolii
543 2201 635 2268 ltro
662 2217 724 2290 per
748 2205 944 2293 praesentes
969 2199 1093 2272 litteras
1120 2198 1153 2269 ln
1178 2204 1379 2290 perpetuum
1396 2196 1554 2269 valitura.

384 2309 549 2382 Omnibus
574 2316 609 2383 et
633 2311 773 2402 singolis
797 2311 973 2404 utriusque
1006 2329 1110 2384 sexus
1140 2307 1436 2392 christifidelibus,
1467 2327 1554 2382 rere

295 2421 571 2516 poenitentibus,
598 2423 771 2506 confessis,
800 2441 844 2518 ao
864 2426 898 2496 S.
925 2422 1170 2497 communione
1189 2422 1331 2505 reiectis,
1349 2423 1408 2513 qui
1432 2417 1555 2494 Eccle-

311 2534 397 2606 siam
424 2533 458 2606 S.
485 2533 607 2608 Mariae
631 2535 668 2606 in
692 2535 820 2628 Campo
846 2543 1057 2628 nuncupatae
1083 2536 1118 2606 in
1146 2533 1378 2608 festivitatibus
1411 2532 1558 2606 Annun-

310 2644 463 2718 oiationis
489 2651 523 2716 et
547 2644 795 2739 Assumptionis
820 2648 857 2718 e.
884 2649 926 2720 n.
953 2648 994 2719 V.
1021 2647 1272 2732 immaculatae,
1300 2645 1462 2740 oprimis
1494 2665 1557 2718 re·

312 2756 421 2848 speris
446 2774 557 2847 usqne
582 2756 626 2829 ad
651 2775 807 2832 occasum
833 2759 912 2831 solis
939 2758 1156 2833 festivitatum
1178 2757 1383 2850 hujusmodi,
1401 2775 1465 2830 nec
1482 2777 1559 2830 non

314 2867 349 2936 in
374 2863 483 2976 primo
509 2867 562 2940 vel
586 2867 703 2942 ultimo
729 2869 783 2942 die
807 2871 965 2944 Novenae
989 2871 1173 2945 Natiuitatis
1194 2869 1397 2954 Dominicae,
1424 2877 1458 2941 et
1483 2889 1559 2942 una

315 2973 396 3050 teria
421 2985 518 3052 sexta
543 2979 824 3074 Quadragesimae
849 3001 910 3076 per
935 2982 1148 3056 ordinarium
1186 2983 1292 3056 semel
1324 2981 1556 3074 designanda3

315 3095 417 3181 atque
443 3090 479 3162 in
504 3089 559 3164 uie
584 3093 918 3170 commemorationis
944 3097 1095 3170 omnium
1121 3092 1283 3169 Fidelium
1300 3095 1558 3178 Defunctorum,

310 3199 361 3274 ab
386 3209 462 3278 ortu
487 3206 665 3298 usque-ao
694 3227 849 3284 occasum
884 3210 964 3282 solis
989 3208 1119 3283 dierum
1150 3209 1204 3281 vel
1232 3208 1333 3282 leriae
1361 3207 1561 3300 hujusmodi

316 3313 458 3404 singulis
482 3307 588 3390 ‘annis
621 3317 741 3394 devote
774 3321 1001 3406 visitamrint,
1041 3322 1155 3414 ibique
1190 3339 1252 3414 pro
1291 3319 1562 3393 Christianorum

318 3420 510 3518 Principum
536 3431 723 3516 concordia,
750 3434 929 3508 haeresum
956 3435 1195 3527 extirpatione,
1225 3451 1264 3504 ac
1289 3433 1323 3504 S.
1350 3431 1464 3506 Matris
1499 3433 1563 3504 Ec·

318 3537 443 3629 clesiac¹
464 3540 665 3618 esalmtinne
689 3546 762 3638 pias
789 3546 832 3619 acl
856 3549 964 3620 Deum
990 3565 1109 3640 preces
1136 3544 1327 3628 effuderint,
1359 3544 1560 3618 Plenariam.

318 3649 362 3722 lis
387 3669 468 3724 vero
494 3653 613 3729 eadem
638 3660 891 3752 peragentibus,
919 3678 957 3732 ac
986 3667 1024 3732 ut
1049 3678 1151 3752 supra
1176 3655 1349 3732 orantibus
1372 3658 1408 3730 in
1432 3655 1562 3730 testiti-

318 3761 442 3838 tatibus
468 3764 726 3861 conceptionis,
760 3771 1025 3856 purificationis,
1056 3771 1283 3855 visitationis,
1315 3769 1500 3844 Natiuitatis
1529 3775 1563 3840 et

319 3873 599 3953 praesentationis
626 3883 779 3975 ejusdem
797 3887 840 3965 B.
868 3885 910 3958 ll.
938 3883 979 3956 V.
1007 3902 1046 3956 ac
1071 3885 1130 3958 SS.
1148 3884 1296 3976 losepbi,
1313 3881 1475 3967 inachim,
1494 3882 1563 3954 An-

318 4002 393 4070 nae,
419 3987 552 4064 Romuli
576 3993 733 4088 Episcopi
760 4004 794 4069 et
825 3996 997 4088 Martyris,
1031 4004 1065 4070 et
1096 3996 1171 4070 lolii
1203 3995 1356 4089 Martyris
1388 3991 1563 4070 Senatoris

319 4097 472 4185 Romani,
498 4121 563 4178 nec
587 4123 656 4180 non
682 4108 716 4181 in
743 4109 815 4182 aliis
848 4116 979 4202 septem
1013 4109 1132 4183 diebus
1164 4109 1323 4182 Novenae
1347 4107 1561 4190 Dominicae,

320 4211 530 4307 coeterisque
552 4218 643 4292 feriis
669 4220 774 4295 sextis
800 4219 1091 4316 Quadragesimae,
1114 4239 1153 4294 ac
1173 4221 1311 4314 reliquis
1328 4219 1447 4294 diebus
1474 4219 1563 4292 Octi·

321 4320 379 4396 dui
404 4328 556 4402 omnium
581 4329 745 4410 Fidelirrm
771 4332 1021 4422 Delnnctorum
1050 4341 1180 4428 septem
1206 4350 1381 4418 annorum,
1404 4331 1562 4406 totidem·
