3270 4920
306 313 377 380 eto

335 441 517 522 reiciendus,
540 452 569 503 et
590 440 761 502 deserentes
784 440 921 504 44441444
944 445 1066 504 Sacrum
1089 444 1315 525 superstitionis

333 533 400 586 nota
423 523 536 584 incurri
557 525 651 602 possit
671 531 701 581 et
721 522 837 601 punirii
929 564 939 600 2
1020 569 1029 583 .
1110 567 1120 585 .
1202 571 1211 590 .
1294 547 1311 584 4
1353 523 1414 584 toa
1456 523 1518 584 447

276 609 322 668 bo
343 605 554 686 unusquisque
576 605 738 682 Episcopus
770 612 854 664 extra
879 605 1000 666 Romam
1033 605 1065 664 in
1095 623 1148 665 sue
1175 605 1315 666 Dioecesi

337 703 543 764 quascumque
564 684 728 762 Reliquias,
741 685 821 745 44444
834 693 968 763 excepta,
981 684 1078 746 raieat
1091 683 1314 746 authenticat-e?
1357 682 1417 746 444
1461 683 1520 744 487

277 767 324 828 Au
344 769 452 826 Sacrae
473 763 631 843 Reliquiae
651 783 668 823 o
689 763 818 842 quodum
839 763 987 842 Episcopo
1009 763 1039 824 in
1064 765 1146 826 {tutio
1167 765 1320 826 authenti·

340 855 424 906 cotue
445 843 483 926 (si
505 863 543 905 cx
562 855 647 923 perte
668 842 916 924 Subscriptionis‚
932 843 1043 920 Sigilii,
1058 856 1089 905 et
1103 843 1222 907 Thecae
1236 845 1318 906 44444

339 925 452 986 erroris
475 933 527 984 aut
547 922 685 985 salsitatis
706 935 777 987 nota
796 923 1057 1018 deprehendetur)
1077 923 1114 986 ab
1135 925 1230 986 attero
1250 925 1321 1020 Epi·

338 1001 1319 1164 tttntitbttttttt:tt„tttttb‘ttttitrtt¹³⁵⁰“t
1339 1085 1415 1146 m.
1443 1084 1518 1147 ibin.

280 1167 426 1248 Episcopo
449 1164 600 1225 bnieiensi
624 1164 749 1226 ieeuitas
783 1164 928 1225 tribuitur
958 1163 1114 1242 aperiendi
1142 1170 1265 1246 copsam
1288 1165 1319 1225 in

340 1264 399 1326 qua
420 1249 500 1307 Soer.
523 1247 639 1323 Corpus
661 1247 786 1306 Sanctae
808 1244 983 1306 Franciseae
998 1245 1129 1306 Eremiot
1143 1245 1181 1307 ric
1194 1245 1319 1309 Chantot

340 1324 531 1387 reconditum
553 1325 622 1398 iuit,
644 1333 675 1384 et
697 1322 774 1386 iilud
796 1323 826 1385 in
849 1325 938 1386 atium
958 1336 1134 1404 argenteam
1154 1324 1322 1387 cottoeanat

337 1401 836 1548 punrltppobihgtiosnedexpropppppii
858 1404 1011 1483 liciiquias
1025 1405 1085 1467 uisi
1099 1406 1183 1485 prius
1197 1405 1319 1468 obtentu
1360 1486 1421 1548 Μ
1463 1485 1521 1545 508

351 1505 406 1546 444
463 1502 860 1549 eo.ee.sreo
942 1527 950 1544 .
1032 1528 1039 1543 .
1120 1530 1128 1544 .
1211 1507 1318 1547 ,4

280 1563 479 1630 confirmatur
500 1565 614 1643 Regulo
636 1563 675 1624 de
696 1505 871 1628 44444444ᾱί4
902 1564 1093 1626 authenticis
1114 1565 1320 1645 Reliquierum

340 1645 519 1726 subscriptis
541 1661 602 1704 non
617 1663 719 1720 manu,
735 1644 789 1706 sed
804 1644 895 1724 reigo
912 1643 991 1707 colio
1006 1643 1209 1727 Stoutpipiio,
1228 1657 1320 1726 atque

342 1728 453 1787 osuiis
476 1723 604 1786 Vieariis
627 1724 826 1804 Generuiibus
940 1769 948 1785 .
1032 1769 1039 1784 .
1124 1769 1131 1786 .
1213 1769 1221 1785 .
1305 1749 1322 1786 4
1363 1727 1424 1788 ssu
1466 1725 1526 1786 378

280 1813 328 1884 An
348 1809 421 1868 Osse
444 1805 595 1868 Euemeris
617 1803 754 1866 hubendo
777 1807 837 1868 sint
857 1804 952 1865 veluti
975 1805 1113 1885 lieiiquiu
1135 1805 1275 1886 insignis?
1298 1827 1315 1864 4
1359 1807 1418 1867 547
1461 1807 1524 1867 450

281 1885 515 1964 archiepiscopo
527 1884 693 1948 Urbinaten
706 1887 831 1948 incultus
842 1884 988 1946 tribuitur
998 1886 1232 1966 recognoscendi
1248 1904 1322 1947 non-

344 1967 442 2026 nuiius
463 1967 618 2044 Reliquias
668 2009 1039 2030 .....
1051 2033 1055 2040 ,
1121 2011 1130 2027 .
1212 2011 1221 2028 .
1302 1987 1319 2025 4
1362 1969 1417 2028 eut
1466 1967 1527 2039 teu

281 2050 327 2111 Dc
348 2045 577 2108 authenticitate
598 2047 740 2126 corporis
767 2050 797 2108 B.
813 2045 938 2108 ioannis
957 2049 1039 2108 dcto
1057 2043 1157 2110 Griiie
1181 2045 1212 2107 in
1234 2047 1325 2108 Dioc-

339 2125 402 2188 eesi
424 2123 614 2189 Riredonensi
666 2169 1219 2189 .......
1302 2147 1319 2184 n
1360 2127 1420 2187 445
1466 2127 1528 2188 tue

283 2211 328 2272 ue
351 2209 557 2284 recognitione
584 2205 789 2287 Reliquiaeum
819 2209 947 2268 Suuctue
978 2208 1101 2273 Benitae
1133 2208 1165 2268 in
1194 2207 1322 2271 civitate

343 2286 536 2350 iibedonensi
584 2329 1223 2351 ........
1305 2307 1322 2344 u
1364 2287 1424 2348 444
1468 2286 1529 2348 4409

285 2371 329 2430 De
350 2366 502 2447 aliquibus
524 2365 671 2447 iieiiquiis
693 2365 773 2446 apud
795 2367 973 2446 Episcopum
995 2367 1210 2430 Divionensem
1303 2388 1319 2424 4
1361 2367 1421 2428 ssu
1465 2367 1527 2428 582

286 2451 331 2511 An
354 2447 454 2526 pruris
486 2445 646 2526 seponendi
679 2445 833 2524 iieiiquios
863 2445 971 2508 SSrirae
1003 2449 1107 2509 Crucis
1132 2468 1148 2508 a
1176 2446 1322 2527 iieiiquiis

345 2531 521 2590 Sanctorum
543 2527 584 2588 sit
604 2535 741 2588 accurato
763 2537 794 2588 et
814 2526 982 2606 sequendo?
1035 2572 1043 2586 .
1124 2576 1133 2592 .
1214 2573 1221 2587 .
1304 2546 1321 2586 a
1363 2527 1418 2588 494
1466 2527 1527 2588 589

287 2613 332 2671 bn
344 2617 462 2668 constet
473 2605 510 2666 de
523 2606 749 2669 authenticitate
760 2607 888 2687 Suppnri
901 2604 1008 2686 (euripo
1019 2605 1186 2686 iioeeiretto)
1194 2611 1222 2670 S.
1229 2609 1324 2668 Fron-

345 2687 416 2748 eisci
437 2686 557 2762 Solesii,
579 2697 609 2748 et
630 2707 667 2748 uu
690 2685 788 2748 eidem
810 2686 910 2747 444444
931 2687 971 2746 444
990 2688 1223 2767 permittendus?
1305 2707 1323 2746 n
1365 2689 1422 2749 504
1464 2687 1526 2746 44449

285 2773 331 2831 Au
353 2767 474 2828 invento
496 2783 620 2846 corporo
641 2786 733 2846 prope
756 2765 910 2828 iiositieom
942 2769 970 2828 S.
1003 2769 1122 2830 Nazarii
1143 2769 1174 2830 44
1195 2769 1323 2832 Ciuitate

349 2845 538 2908 Mediolonen
561 2865 631 2908 vere
652 2849 819 2925 Martyrum
840 2845 967 2908 dicendo
989 2849 1063 2908 sint?
1125 2895 1133 2910 .
1214 2895 1222 2911 .
1305 2869 1323 2907 4
1365 2849 1420 2909 528
1461 2845 1518 2905 oet

288 2925 472 3008 Approbotio
494 2929 657 2988 i’cocessus
678 2927 757 2987 eirea
779 2925 985 2988 inventionem
1006 2932 1171 3007 Corporum
1190 2932 1241 2991 SS.
1264 2930 1324 2991 Ga·

346 3007 421 3082 4444,
445 3007 537 3082 Preti,
560 3017 591 3068 et
611 3006 745 3069 ianuarii
769 3005 799 3068 in
821 3007 947 3068 Eosiiico
969 3008 1129 3070 Turritunu
1150 3028 1254 3071 eorum
1272 3026 1327 3069 no·

346 3086 420 3148 mini
442 3087 615 3148 consecrata
677 3128 1226 3152 .......
1309 3109 1326 3148 4
1368 3088 1423 3152 ott
1465 3085 1526 3146 4433

286 3164 472 3247 approbatio
494 3171 659 3228 Processus
674 3165 752 3228 circo
767 3163 974 3228 inventionem
995 3169 1134 3249 Corporis
1149 3173 1179 3231 S.
1193 3169 1324 3232 Douuini

347 3245 487 3328 Martyris
509 3247 539 3308 in
561 3247 689 3310 Ciuitate
705 3245 864 3310 Fidentine
946 3292 953 3309 .
994 3291 1046 3308 ·.
1130 3295 1137 3310 .
1218 3295 1228 3315 .
1309 3270 1325 3308 4
1368 3249 1425 3308 nit
1465 3249 1527 3307 uuo

286 3328 391 3388 Utrum
413 3324 668 3407 brebiepiseopus
701 3325 853 3390 bibiensis
884 3329 981 3408 possit
1011 3347 1163 3410 exponere
1189 3328 1326 3410 publicae

347 3405 481 3467 bdelium
503 3405 692 3470 renerotioni
716 3407 874 3470 Brachium
907 3418 1082 3489 argenteum
1113 3411 1268 3472 continens
1289 3413 1328 3472 0s

346 3503 440 3548 unum
460 3487 578 3550 Brocbii
593 3489 624 3550 S.
640 3487 800 3552 Caeciliae?
855 3532 864 3548 .
947 3533 956 3550 .
1039 3534 1046 3549 .
1129 3535 1137 3550 .
1219 3536 1226 3550 .
1310 3513 1326 3548 4
1367 3489 1426 3550 584
1467 3489 1524 3550 ott
