3134 4918
752 329 969 397 -458-

786 522 943 598 nxavu.

750 679 983 742 GARNOTEN.

320 799 488 876 Meuiales
515 800 719 875 carmelitae
748 799 845 874 ilrlris
879 798 1095 873 Caruoteusis
1119 802 1337 890 quamue
1368 801 1484 874 Sacra

250 911 519 1007 uuprpouoru
529 917 646 986 ausura
659 911 743 986 laec
760 911 917 986 clausula
928 911 1088 1005 facultati
1100 911 1299 1006 lupoueual
1309 931 1379 990 suo.
1395 913 1483 986 Soa·

242 1015 390 1121 pulum
412 1041 670 1119 uoauuuopuaua
695 1027 866 1120 apposita,
892 1026 1018 1100 scilieet
1041 1025 1305 1100 «Praesentibus
1330 1025 1487 1100 valituris

146 1199 150 1206 .
246 1139 288 1212 iia
312 1137 347 1213 ln
371 1139 463 1225 leals,
484 1139 525 1220 ,in
550 1139 673 1231 wihus
698 1156 766 1212 non
792 1137 887 1212 adeat
911 1137 1074 1214 Saeuitiae
1098 1137 1285 1223 carmelita,
1302 1145 1360 1213 rat
1376 1137 1487 1213 Soda-

247 1248 321 1324 litae
346 1249 497 1343 ejusdem
535 1249 669 1324 Ordinis
707 1251 866 1324 ananias
890 1255 999 1324 erecta
1019 1279 1033 1315 ι
1056 1253 1183 1335 utrum,
1214 1251 1370 1342 lupam,
1398 1249 1488 1324 laec

157 1445 161 1454 .
246 1363 403 1438 olausula
420 1363 526 1438 obstet
550 1381 593 1438 ue
619 1362 818 1438 Sacerdotes
834 1364 1000 1458 praefata
1015 1362 1181 1456 facultate
1198 1361 1398 1456 paudeules,
1427 1383 1486 1437 sa·

246 1495 308 1578 cra
335 1477 542 1571 scapularia
567 1478 604 1550 iu
629 1477 774 1570 ipsamet
802 1478 889 1551 urae
915 1477 1126 1558 Caruoteusi,
1153 1480 1185 1548 et
1209 1477 1246 1548 iu
1271 1475 1354 1549 loeis
1372 1477 1488 1550 meua

244 1589 452 1670 milliaribus
477 1589 522 1663 ab
548 1609 601 1663 eo·
614 1609 684 1664 uou
710 1589 914 1664 durantibus
937 1588 1053 1663 aalide
1077 1589 1288 1681 imperauit

321 1701 630 1798 supererogatio
646 1701 820 1799 respondit
837 1701 931 1778 ‹Non
942 1702 1118 1778 obsura».
1134 1701 1195 1777 Dia
1213 1705 1234 1774 a
1251 1698 1359 1778 Manli
1376 1705 1486 1778 leae.

777 1901 949 1978 DXLVlll.

751 2047 975 2102 NANGEJEN.

318 2151 504 2246 Ερίεοορυε
537 2153 757 2245 Nauoejeuu's
789 2156 947 2250 eupouil,
982 2151 1075 2246 qaod
1107 2169 1200 2227 aueo
1234 2157 1328 2226 {838
1360 2153 1488 2230 Altarr

247 2265 361 2358 Maius
385 2266 555 2346 Ecclesiae
579 2267 796 2343 Paroaliolis
821 2267 863 2341 ele
888 2268 1020 2360 Bauiup
1049 2268 1312 2360 Prioilepiutum
1336 2267 1374 2340 iu
1398 2285 1485 2362 per·

240 2381 383 2472 petreum
408 2378 623 2454 declaratum
647 2379 731 2474 psit:
757 2399 835 2460 aaut
864 2399 944 2458 aero
970 2377 1061 2453 idem
1092 2380 1213 2453 Altare
1243 2398 1482 2454 marmoreum

244 2489 345 2565 lodie
370 2496 599 2566 constructum
614 2493 669 2575 sit,
686 2494 890 2586 supponitur
915 2490 1008 2584 quod
1019 2493 1242 2587 privilepium
1257 2497 1479 2588 peremptura

245 2604 299 2687 sit,
326 2599 539 2698 supplicatur
565 2603 643 2678 laiac
664 2624 732 2699 pro
760 2610 957 2700 opportuua
981 2604 1244 2680 declaratiouei

320 2717 394 2790 Sao.
422 2716 641 2809 congregatio
657 2717 830 2812 respondit
854 2717 1068 2791 «Dummodo
1084 2718 1195 2793 Altare
1220 2717 1263 2792 sit
1278 2719 1400 2794 iterum
1418 2719 1486 2794 sub

248 2827 368 2904 uuam
393 2829 488 2905 titulo
513 2837 751 2917 morracium,
778 2849 847 2906 non
873 2833 1025 2906 emisisse
1042 2831 1255 2928 privilegiam
1280 2831 1323 2909 ab
1342 2831 1487 2929 eposio

245 2942 309 3018 lias
333 2943 422 3020 Sede
446 2961 692 3021 wnoeseams.
718 2945 779 3022 Die
805 2950 851 3018 ui
877 2944 999 3042 Aprilis
1028 2949 1132 3019 184³.

792 3143 938 3220 DXLIX.

744 3251 859 3348 aeroas
888 3287 985 3346 raom

320 3395 505 3492 &peropus
531 3397 649 3472 Souati
672 3397 769 3472 llari
793 3399 933 3492 caperit
958 3399 1035 3473 Sao.
1064 3397 1187 3492 Caapr.
1213 3397 1339 3472 olrtate
1359 3397 1483 3473 lirror's

246 3509 431 3602 Apostoliet
455 3509 519 3584 sili
544 3511 690 3584 concessi
719 3509 911 3603 daupuosse
942 3511 980 3584 iu
1008 3511 1170 3606 plurimis
1194 3510 1364 3586 Diocaesis
1395 3529 1481 3586 suae

245 3621 508 3697 Paracllolilas
531 3623 688 3698 llaclesiis
701 3623 960 3718 prioileplotum
977 3624 1026 3698 ad
1044 3625 1272 3720 septenarium
1287 3643 1396 3698 uuuru
1417 3621 1477 3697 ul-

247 3737 344 3826 torr,·
368 3735 488 3811 Altera
514 3738 628 3811 autem
644 3737 691 3810 sio
709 3735 923 3831 drupparum
949 3743 1024 3812 erat
1048 3737 1212 3831 portatile,
1230 3742 1263 3812 et
1279 3733 1379 3829 lutus
1396 3755 1478 3834 aaa·

247 3847 355 3922 itatis
370 3862 440 3922 uou
457 3852 505 3923 ast
516 3849 612 3943 tecta
627 3850 754 3924 mealia
770 3849 808 3923 iu
826 3851 946 3927 litteris
963 3847 1229 3945 desipuatiouis;
1248 3851 1386 3949 quoeru
1401 3847 1480 3923 iiuc

250 3959 436 4058 ilplsoopus
462 3963 600 4035 Orator.

322 4071 372 4147 i.⁰
402 4073 521 4170 Utrum
535 4075 661 4150 uirtute
676 4073 795 4150 Breuis
818 4019 1004 4170 Apostolioi
1019 4073 1171 4174 praefati
1181 4077 1335 4174 patuerit
1359 4069 1473 4154 aeuo·

247 4203 329 4263 rare
348 4188 574 4283 priuilepr'ata
598 4189 737 4263 Altaria
758 4191 965 4282 portatilia?

323 4299 398 4376 Sao.
422 4299 642 4396 congregatio
665 4301 839 4398 respondit
862 4301 1090 4398 «Neratiae».
