3204 4924
308 319 378 398 fen

354 463 428 537 Sao.
455 462 673 558 congregatio
705 461 921 555 {indulgentiis
947 459 1125 556 sociisque
1151 461 1311 556 iieiiquiis
1337 463 1519 558 praeposita

272 593 434 672 praesens
471 575 699 652 summarium
725 576 772 650 uti
798 575 1027 650 authenticum
1058 575 1263 668 recognovit,
1294 593 1332 649 ao
1357 576 1444 670 typis
1468 575 1521 648 im·

273 689 373 784 primi
397 707 438 764 ac
462 689 623 784 publicari
647 708 749 783 posse
773 688 935 783 permisit.
960 689 999 764 lo
1025 707 1170 782 quorum
1195 687 1322 764 Fidem.

355 801 476 877 Datum
502 805 629 878 Romae
652 821 698 876 ex
724 801 907 878 secretaria
924 802 1076 895 ejusdem
1094 803 1168 877 Sao.
1186 801 1459 896 congregationis
1477 801 1522 872 in·

228 939 232 946 ¹
274 913 519 1009 dulgentiarom
545 913 600 990 dio
630 919 685 990 ta.
710 913 909 991 Nouembris
936 919 1043 989 indi.

912 1041 954 1118 A.
980 1039 1139 1136 Arciipr.
1164 1041 1370 1117 Prinzieoiii
1396 1039 1522 1113 saneti.

872 1263 938 1336 Lll.

279 1453 485 1522 Sammonion
498 1454 631 1520 oninium
646 1455 903 1538 indaiacntiorarn
915 1471 1122 1522 concmaomm
1137 1454 1442 1540 confraternitatiinr
1456 1470 1521 1518 ern-

362 1562 401 1628 tia
413 1569 443 1627 ct
455 1562 600 1628 institutis
612 1564 650 1629 od
666 1561 777 1628 Ordine
790 1565 844 1630 Fr.
862 1565 1064 1632 mmmmm
1077 1565 1283 1632 Sanctissimae
1303 1563 1460 1628 Trinitatis
1472 1564 1520 1626 iic·

304 1743 308 1748 ,
360 1671 536 1753 dcucptionia
551 1671 740 1754 Captivorum
760 1672 862 1739 diuina
874 1675 1051 1739 retentione
1063 1673 1191 1757 {onmia
1204 1690 1224 1737 a
1236 1673 1354 1738 Sanctia
1368 1674 1480 1738 ioanni
1491 1671 1522 1734 dc

363 1780 466 1850 Hatita
480 1789 507 1847 ct
522 1781 617 1846 ii'eiicc
634 1781 755 1848 Vaieaio.

600 1999 606 2010 .
808 1946 950 2012 APooio
975 1947 1008 2014 V.

432 2064 524 2130 Beati
538 2065 687 2134 Coeiostes
701 2067 852 2139 Ecclesiae
867 2070 1034 2152 thesauros,
1048 2069 1106 2136 diri
1118 2070 1139 2135 n
1151 2069 1281 2154 inpasti
1296 2067 1386 2134 itinn.

366 2255 411 2320 f.⁹
433 2256 625 2338 induigentia
647 2258 785 2324 Pienaria
806 2265 836 2325 et
858 2261 994 2327 omnium
1016 2267 1210 2343 peccatorum
1231 2259 1369 2325 remissio
1395 2257 1525 2324 omnihus

174 2417 176 2424 ,
285 2349 542 2416 curisttnnettnus
564 2355 724 2436 utriusque
744 2371 835 2419 sexus
850 2372 917 2422 vere
938 2356 1165 2438 poenitentibus
1185 2355 1340 2431 confessis,
1356 2370 1394 2418 ao
1408 2353 1439 2418 S.
1452 2351 1526 2415 nou·

285 2448 431 2511 munione
462 2449 597 2528 reiectis,
628 2451 726 2530 prima
748 2451 798 2515 die
819 2469 879 2532 qua
901 2453 999 2516 induti
1023 2453 1136 2516 inerint
1162 2451 1193 2515 S.
1211 2449 1396 2532 scapularia
1416 2447 1526 2512 Ordinis
1588 2501 1589 2520 ,

148 2621 151 2626 .
286 2547 317 2604 et
337 2541 481 2624 adscripti
502 2543 566 2608 sint
587 2542 832 2611 confraternitati
854 2546 1068 2612 Sanctissimae
1089 2548 1246 2612 Trinitatis
1266 2547 1383 2628 absque
1410 2543 1525 2622 aiicujus

286 2636 347 2700 uoti
367 2637 554 2702 emissione
752 2688 754 2694 .

366 2730 412 2794 2⁰
432 2731 625 2814 induigentia
650 2733 787 2800 Pieoaria
809 2742 970 2819 utsupra,
997 2736 1111 2803 eisdem
1140 2737 1350 2802 confratribus
1369 2742 1403 2801 et
1424 2735 1522 2800 nono·

288 2824 409 2890 roribus
429 2825 461 2890 in
483 2829 590 2892 mortis
611 2831 748 2910 articulo,
768 2832 935 2896 dummodo
950 2831 1172 2915 S.·Soapuiario
1193 2832 1305 2913 induti,
1326 2846 1362 2897 ac
1384 2844 1526 2910 nemppe

186 2975 188 2980 .
288 2919 419 2984 nitentes
439 2921 578 3002 confessi,
599 2924 752 3006 Sacraque
774 2925 995 2992 commuuione
1017 2927 1118 2992 refecti
1140 2929 1269 3008 inerint,
1290 2926 1526 2992 sanctissimum·

287 3027 348 3094 que
368 3013 439 3079 Jesu
459 3014 576 3080 Nomen
598 3019 699 3098 corde,
720 3020 746 3082 si
768 3035 819 3084 ore
840 3021 1044 3102 nequiverint,
1065 3023 1172 3087 devote
1195 3022 1412 3086 invocaverint.

369 3105 628 3191 infrangendo
655 3114 792 3179 i’ieuaria
814 3119 971 3198 utsupra,
992 3117 1017 3180 si
1040 3133 1108 3182 vere
1130 3115 1357 3200 poenitentibus
1383 3112 1525 3186 conteni,

279 3207 319 3267 et
339 3201 370 3267 S.
392 3202 614 3272 Gommnoiouo
631 3207 756 3272 reiectis
777 3209 808 3272 iu
830 3209 906 3273 festo
927 3209 1141 3277 Sanctissimae
1162 3211 1319 3276 'trinitatis
1341 3210 1449 3274 deuote
1468 3207 1526 3269 risi·

290 3298 424 3362 tontibus
446 3297 611 3365 iicoiesiam
633 3301 777 3382 aliquam,
799 3309 852 3367 aut
873 3303 1045 3388 Gappeiiam
1067 3306 1131 3371 siue
1151 3306 1324 3372 oratorium
1345 3302 1474 3380 Ordinis,
1488 3297 1525 3361 tei

290 3389 550 3458 Gounatmnitatis
571 3394 718 3475 eiusdem,
740 3402 771 3462 et
792 3399 835 3464 ibi
856 3399 1008 3482 deprecati
1024 3401 1136 3466 inerint
1157 3417 1211 3483 pro
1231 3416 1306 3484 pace
1325 3406 1358 3464 et
1378 3395 1526 3464 mucordia

163 3529 167 3534 -
291 3486 370 3551 inter
390 3487 546 3570 Principes
567 3488 765 3572 Christianos,
781 3511 835 3576 pro
849 3495 1010 3562 haeresum
1031 3498 1243 3578 extirpatiouo,
1263 3501 1294 3560 et
1314 3493 1346 3560 S.
1368 3494 1469 3560 ifatris
1483 3489 1527 3553 Ec·

291 3579 400 3645 oiesiae
420 3583 613 3648 exaltatione.

371 3677 417 3740 in·
439 3677 631 3760 indulgentia
653 3680 790 3746 Piennia
811 3689 957 3767 utsupra
980 3687 1095 3752 eisdem
1116 3683 1336 3764 Gouiratribus,
1351 3689 1383 3748 et
1397 3681 1525 3746 nonore

291 3771 386 3850 ribus,
406 3772 459 3853 qui
482 3773 513 3837 in
536 3773 864 3858 poriibnslinirdeiium
879 3780 918 3844 ad
933 3781 1182 3860 Redemptiooem
1204 3780 1399 3862 Captivorum
1416 3771 1525 3858 profecti

285 3867 414 3948 ‚fuerint
434 3869 460 3932 si
475 3873 646 3949 ‘anteqoam
673 3878 818 3954 pergant,
841 3891 910 3940 vere
933 3877 1122 3958 poenitentes
1142 3876 1287 3954 confessi,
1309 3887 1454 3954 sacraque
1473 3869 1525 3931 foc·

164 3971 167 3978 ·
292 3959 354 4024 riui
374 3959 595 4027 Commoniooe
617 3963 729 4030 refecti.
805 3991 807 3996 ·

373 4055 418 4120 δέ)
439 4055 631 4138 induigentia
652 4056 791 4126 Planasia
813 4069 971 4146 utsupra,
991 4065 1065 4146 ipsis
1086 4064 1219 4146 Captivis
1240 4061 1413 4144 redemptis,
1434 4057 1524 4137 spei

295 4141 533 4232 redemptionem
555 4152 631 4218 iufra
646 4167 783 4222 menum
798 4174 867 4224 uere
888 4159 1072 4242 poeniteant,
1085 4164 1117 4225 at
1130 4161 1188 4226 rite
1201 4159 1341 4238 confessi,
1360 4156 1397 4222 ad
1419 4154 1525 4220 &cnm

295 4241 533 4312 Eucharistioam
554 4247 688 4317 Mensam
710 4251 863 4320 accedent.
