3214 4928
790 371 982 439 ..32-

351 505 459 592 Quam
483 505 556 578 Sac.
583 501 854 596 mugregadonts
880 502 1086 578 Sententiam
1110 517 1171 596 per
1195 519 1251 575 me
1279 501 1508 575 secretarium

276 618 491 694 sanctssimo
516 617 657 690 Domino
682 617 803 692 Nostro
828 618 983 702 relatam,
1017 616 1180 688 Sanctitas
1212 615 1280 688 Sua
1306 613 1509 708 approbavit

275 730 332 806 die
357 735 398 804 31
429 729 580 824 ejusdem
606 729 744 802 mensis.
769 731 892 803 Datum
918 728 972 802 die
1001 735 1044 800 11
1074 717 1245 802 Februarii
1274 731 1378 798 t720.

870 845 898 915 1.
925 845 965 914 1).
992 842 1096 915 Cano.
1122 843 1331 914 Pnnxnmnos

722 953 880 1048 ltopltoel
907 955 1046 1028 mames
1071 954 1113 1028 de
1138 952 1353 1044 Hieronymo
1380 952 1511 1024 secret.

840 1152 941 1226 XLV.

349 1291 402 1366 bd
426 1289 590 1364 tollendos
615 1291 794 1364 nonnullos
824 1292 967 1376 abusus,
1000 1291 1058 1382 qui
1084 1292 1118 1364 in
1144 1288 1365 1383 expediendis
1389 1287 1514 1361 litteris

275 1403 465 1498 patentibus
482 1402 755 1494 aggregationum
771 1402 1198 1476 Arcbiconlraternitatibus
1211 1402 1328 1474 dimne
1345 1400 1443 1473 Urbis
1456 1417 1516 1470 re-

276 1517 409 1590 troactis
432 1514 641 1606 temporibus
659 1515 871 1605 irrepserant,
889 1516 964 1587 Sec.
983 1515 1202 1606 congregatio
1222 1513 1515 1604 indulgentiarum

279 1630 419 1701 becreto
444 1625 534 1698 edito
560 1624 614 1697 die
641 1631 661 1696 5
688 1626 795 1699 Martii
825 1631 918 1698 l608
936 1626 1143 1720 approbante
1160 1627 1194 1698 S.
1213 1628 1256 1700 ll.
1275 1626 1377 1697 Paulo
1394 1623 1423 1694 V
1440 1629 1516 1694 sta-

281 1740 341 1812 tuit
360 1745 461 1830 atque
485 1737 643 1822 decrevit,
670 1744 707 1810 ut
731 1757 793 1831 pro
819 1738 1032 1831 expeditione
1048 1738 1301 1836 praedictarum
1322 1737 1515 1809 litterarum

278 1851 562 1943 aggregationum
589 1867 652 1924 seu
677 1852 789 1944 potius
806 1870 867 1944 pro
885 1853 1045 1944 expensis
1062 1852 1209 1944 desuper
1225 1849 1396 1934 iaciendis,
1413 1865 1514 1920 nern-

279 1980 324 2055 pe
348 1980 409 2055 pro
434 1979 655 2055 pergamena,
681 1964 864 2056 scriptura,
890 1964 1016 2056 sigillo,
1042 1963 1205 2056 capsulis,
1233 1960 1396 2042 cordulis,
1422 1977 1512 2041 cera,

279 2073 473 2157 secretarii,
510 2074 704 2165 Notariiquo
728 2075 857 2162 labore,
888 2076 942 2148 vel
973 2073 1147 2160 mercede,
1179 2074 1319 2165 aliisuue
1354 2071 1514 2144 omnibns

282 2186 552 2278 quibuscumque
577 2186 659 2260 nibil
685 2188 822 2262 omuino
854 2189 941 2261 ultra
972 2196 1105 2261 scutum
1137 2206 1244 2262 unum
1277 2202 1418 2259 aureum
1449 2199 1514 2274 pro

280 2298 412 2389 singula
437 2299 681 2390 aggregatione,
707 2301 923 2385 institutione,
941 2301 995 2374 vel
1012 2300 1264 2374 confirmatione
1282 2297 1401 2388 quovis
1418 2313 1515 2386 prae·

281 2416 388 2494 textu,
414 2417 472 2484 aut
496 2411 607 2484 colore
631 2413 732 2485 etiam
753 2431 866 2488 merae
882 2414 1117 2505 eleemosynae
1137 2412 1244 2503 exigi,
1262 2416 1319 2483 aut
1334 2408 1437 2501 recipi
1455 2425 1515 2478 va-

280 2524 364 2609 leat,
391 2525 456 2597 sub
480 2541 591 2617 poena
616 2526 689 2617 ipso
714 2528 800 2600 tacto
830 2525 1030 2599 incurreoda
1062 2525 1220 2598 nullitatis
1250 2519 1515 2614 aggregationis,

283 2635 503 2727 omniumque
528 2635 823 2730 indulgentiarum,
850 2645 883 2711 et
908 2637 1130 2730 spiritualium
1147 2636 1328 2728 gratiarum
1344 2636 1381 2707 in
1397 2649 1517 2725 aggre-

283 2746 471 2840 gationibus
497 2753 739 2833 contentarum,
766 2767 844 2822 cum
869 2749 1055 2841 privatione
1080 2749 1182 2822 etiam
1206 2745 1369 2820 facultatis
1395 2762 1517 2838 aggre-

283 2858 394 2952 gandi,
420 2865 454 2932 et
478 2859 664 2953 privatione
689 2861 812 2954 pariter
838 2861 1043 2947 Officiomm,
1061 2867 1095 2934 et
1113 2860 1318 2934 inhabilitate
1335 2859 1379 2931 ad
1395 2857 1518 2930 eadem

284 2969 399 3044 Officia
424 2971 659 3064 inposterum
684 2974 865 3048 obtinenda
889 2993 951 3066 pro
976 2973 1150 3058 MinistriS,
1169 2973 1415 3066 Superioribus
1434 2968 1518 3043 Olli·

285 3082 442 3170 cialibus,
469 3084 609 3176 aliisque
638 3093 754 3160 contra
785 3085 994 3179 praedictum
1027 3088 1205 3160 decretum
1237 3085 1346 3158 lacere
1377 3099 1518 3176 praesu-

284 3196 473 3286 mentibus;
498 3215 586 3289 quae
611 3217 631 3269 a
656 3199 747 3272 nullo
773 3200 847 3284 alio,
873 3199 939 3272 nisi
963 3219 984 3272 a
1012 3200 1163 3272 Romano
1180 3197 1339 3271 Pontidee
1354 3215 1416 3288 pro
1434 3201 1519 3268 tem·

284 3326 368 3401 pore
396 3308 562 3384 existente
594 3311 718 3382 remitti
750 3311 874 3396 valeat,
906 3311 1047 3403 aliisque
1080 3312 1179 3385 etiarn
1212 3311 1277 3384 sub
1310 3307 1519 3401 gravioribus

286 3417 416 3512 poeuis,
430 3419 565 3493 arbitrio
584 3421 737 3512 ejusdem
753 3423 895 3496 Romani
912 3423 1080 3496 Pontificis
1097 3441 1158 3514 pro
1175 3429 1326 3513 tempore
1343 3417 1519 3514 existentis

286 3529 509 3624 imponendis.
536 3532 585 3605 Ne
610 3539 723 3606 autem
747 3535 848 3626 longo
871 3535 1033 3626 temporis
1050 3531 1196 3606 decursu
1211 3531 1372 3624 praedicti
1387 3529 1520 3602 Decreti

287 3642 409 3717 oblivio
434 3642 558 3728 induci,
586 3663 624 3716 ac
650 3645 763 3720 denuo
789 3647 916 3720 abusus
933 3647 1080 3738 irrepere
1096 3646 1238 3737 possint,
1257 3646 1357 3716 Sacra
1374 3645 1520 3732 congre

288 3753 376 3845 gallo
389 3753 618 3846 indulgentiis,
633 3758 810 3850 sacrisque
824 3757 984 3849 deliquiis
996 3758 1185 3850 praeposita
1197 3757 1309 3830 habita
1321 3756 1375 3829 die
1389 3760 1410 3827 e
1424 3753 1521 3846 Apri·

287 3864 329 3936 lis
358 3868 452 3936 1720
478 3865 642 3954 decrevit,
665 3876 766 3960 atque
787 3867 957 3942 mandavit
973 3868 1112 3960 singulis
1129 3868 1327 3953 Ordinibus,
1344 3864 1521 3958 Religioni·

289 3975 366 4060 bus,
384 3976 555 4064 institutis,
570 3987 604 4053 et
619 3980 1055 4065 archicontraterniutmus,
1074 3999 1259 4074 eorumque
1272 3980 1519 4076 Superioribus,

289 4085 458 4174 Ministris,
485 4097 587 4182 atque
611 4091 814 4164 officialibus
840 4110 1056 4184 quocumque
1081 4094 1217 4168 nomine
1246 4093 1521 4187 nuncupabant

290 4217 353 4294 pro
378 4201 598 4295 expediendis
614 4204 733 4278 litteris
749 4205 941 4299 patentibus
962 4206 1243 4298 aggregationnm,
1262 4225 1323 4280 seu
1335 4206 1446 4299 potius
1458 4221 1522 4295 pro

290 4313 422 4394 illarum
438 4315 598 4412 expensis
614 4316 886 4412 quibuscumque
902 4317 985 4394 nibil
1001 4319 1088 4396 ultra
1107 4339 1214 4398 unum
1230 4327 1363 4396 scutum
1379 4335 1521 4394 aureum
