3164 4926
783 323 1001 392 -loeu

346 463 407 538 Die
435 459 580 535 11113111
608 465 701 534 litto
728 497 742 514 ·
767 457 1003 533 sanctssimus
1028 457 1189 532 Dominus
1217 457 1337 535 Noster
1360 460 1509 536 Benedi-

273 581 347 651 ctus
373 576 434 647 PP.
460 575 537 648 xlv
561 572 717 647 omuibus
742 570 960 645 confessariis
985 570 1027 644 ab
1048 570 1229 643 ordinariis
1253 573 1417 646 Locorum
1444 593 1508 666 ap·

272 686 431 782 probatis,
450 686 508 778 qui
525 685 560 758 in
577 683 750 757 audiendis
767 683 1038 758 confessionibus
1055 681 1325 756 christifidelium
1346 684 1508 758 intirmo-

272 819 349 874 rum
374 798 539 872 dictorum
563 795 782 890 Hospitalinm
807 813 845 870 se
870 795 1089 880 exercuerint,
1107 795 1185 869 item
1210 793 1337 869 eisdem
1354 797 1507 871 infirmis

273 910 406 1004 quados
430 927 511 984 rere
534 909 744 1004 poenitentes
769 913 803 981 et
827 907 970 981 confessi
995 907 1249 981 sanctissimum
1273 908 1509 984 Eucharistiae

272 1023 523 1096 Sacramentum
548 1021 583 1094 in
607 1018 763 1114 praelatis
787 1019 1014 1113 Hospitalibus
1039 1018 1159 1094 devote
1175 1020 1397 1112 sumpserint;
1417 1021 1508 1094 item

271 1133 428 1208 omnibus
453 1131 741 1226 christifidelibus.
767 1131 825 1223 qui
850 1131 1002 1204 infirmos
1027 1133 1062 1204 io
1086 1149 1125 1205 ea
1151 1129 1360 1216 adduxerint,
1385 1136 1420 1208 et
1444 1132 1508 1208 de-

269 1244 372 1337 niquo
396 1242 517 1318 iisdem
542 1244 601 1336 qui
626 1243 864 1336 quodcumque
887 1245 1019 1338 pictatis
1051 1251 1085 1318 et
1115 1243 1282 1318 obaribtis
1307 1261 1394 1338 opus
1419 1264 1508 1339 erga

269 1357 361 1452 ipsos
386 1356 538 1429 infirmos
563 1357 783 1438 exercuerint,
810 1355 918 1438 toties.
943 1375 1005 1449 pro
1021 1355 1170 1448 quobbet
1185 1355 1410 1449 praelatorum
1424 1358 1506 1450 pio-

268 1486 344 1544 rum
368 1485 510 1561 opemm
535 1468 694 1542 exercitio
719 1473 853 1541 contum
878 1467 1008 1542 dierum
1031 1468 1314 1560 indulgentiarum
1331 1468 1375 1542 de
1389 1469 1506 1563 injun-

268 1580 330 1654 ctis
363 1579 412 1652 eis
444 1597 506 1656 seu
538 1579 618 1652 alias
651 1579 900 1672 quomodolibet
931 1579 1053 1654 debitis
1082 1580 1293 1674 poenitentiis
1326 1581 1507 1656 informa

266 1692 434 1771 Ecclesiae
458 1697 617 1766 consueta
642 1692 676 1764 in
702 1698 903 1785 perpetuum
928 1691 1074 1785 benigne
1094 1693 1258 1766 concessit
1282 1709 1344 1768 seu
1369 1695 1504 1769 relaxa-

269 1804 326 1877 vit.
352 1803 474 1878 lisdem
499 1822 579 1878 vero
604 1805 794 1878 Doctrinam
820 1803 1038 1878 Christianam
1064 1804 1260 1880 docentibus
1276 1811 1310 1878 et
1326 1805 1506 1881 addiscen-

267 1915 357 1990 tibus
383 1916 539 1990 omnibus
564 1923 599 1990 et
622 1917 760 2009 singubs
783 1915 1001 2008 indulgentiis
1026 1937 1045 1989 a
1070 1917 1123 1991 iel.
1142 1935 1207 1991 rec.
1230 1917 1409 1991 Clementis
1434 1921 1503 1994 1111

268 2027 464 2119 generaliter
488 2029 667 2113 concessis,
694 2027 850 2120 gaudere,
868 2034 901 2101 et
917 2027 1052 2102 tandem
1070 2029 1256 2103 dicentibus
1282 2057 1294 2091 ι
1316 2029 1502 2105 Loudetor

267 2139 360 2212 tosus
388 2137 538 2212 Gbristos
562 2167 574 2202 ι
599 2146 633 2211 31
655 2138 937 2231 respondentibus
962 2142 1126 2213 ‹Amen›
1150 2139 1356 2232 indulgentia
1372 2143 1502 2234 pariter

267 2257 402 2324 centum
427 2250 559 2324 dierum
585 2251 683 2325 etiam
710 2271 729 2322 3
753 2251 807 2323 lei.
834 2269 899 2325 rec.
930 2252 1023 2325 Sixto
1055 2252 1085 2326 V
1117 2251 1266 2325 similiter
1298 2255 1500 2343 generaliter

266 2381 426 2436 33333333
450 2370 484 2437 et
509 2384 527 2436 3
552 2363 730 2437 Benedicta
762 2365 837 2436 Xlll
870 2364 1062 2438 confirmata
1095 2363 1194 2438 etiam
1218 2361 1261 2458 [in
1291 2372 1497 2458 perpetuum

265 2473 410 2566 gaudere
433 2475 580 2567 benigne
604 2474 792 2548 declaravit.
817 2477 891 2549 Non
917 2476 1126 2550 obstantibus
1152 2477 1185 2548 in
1217 2478 1419 2552 contrarium
1445 2480 1497 2554 ia·

265 2586 428 2659 cientibus
453 2585 733 2678 quibuscumque.

785 2699 842 2771 Fa.
868 2699 896 2770 J.
923 2699 1026 2772 Cano.
1054 2700 1317 2774 Ponroclnnnno
1342 2702 1469 2778 Pnnnr.

899 2811 939 2882 ri.
966 2813 1004 2883 E.
1038 2811 1220 2886 t'a'ceccmes
1247 2813 1369 2886 secret.

798 3005 955 3080 CCXXII.

337 3129 407 3204 Etsi
432 3149 452 3202 3
476 3130 549 3204 Sec.
583 3130 846 3224 congregatione
878 3133 1093 3224 indulgentiis
1122 3133 1301 3226 sacrisque
1332 3135 1498 3230 Reliquiis

263 3242 462 3335 praeposita,
489 3243 543 3315 cui
567 3242 765 3317 demandata
791 3251 842 3317 est
867 3263 946 3318 cura
971 3247 1056 3320 circa
1082 3253 1218 3331 rectam,
1243 3253 1277 3320 et
1292 3248 1496 3341 prodentem

262 3353 544 3445 indulgentiarum
577 3353 914 3442 administrationem,
941 3357 1037 3451 plura
1062 3358 1279 3432 saluberrima
1310 3359 1497 3453 prodierint

261 3465 399 3538 Decreta
424 3471 458 3538 et
481 3465 679 3558 praesertim
701 3485 806 3562 super
823 3469 1017 3543 earumdem
1043 3470 1326 3562 indulgentiarum
1347 3472 1497 3566 publica-

261 3577 353 3652 tione
378 3583 411 3650 et
434 3576 673 3672 impressiooe;
700 3597 777 3654 oum
801 3587 931 3665 umen,
957 3583 1029 3654 sire
1053 3582 1228 3655 bominum
1254 3583 1391 3668 malitia,
1418 3587 1493 3661 sive

262 3689 390 3764 incuria
414 3707 523 3784 nuper
551 3691 701 3765 nonnulli
727 3692 852 3766 abusus
877 3693 1086 3788 irrepserint,
1113 3693 1317 3768 inhaerendo
1342 3697 1493 3773 Decretis

263 3802 344 3875 alias
368 3799 478 3888 editis,
504 3802 631 3877 Eadem
656 3805 729 3877 Sac.
756 3804 974 3898 congregatio
991 3804 1045 3879 die
1064 3811 1108 3877 19
1125 3807 1270 3880 ianuarii
1298 3812 1493 3885 1156333-

262 3913 329 3988 suit
352 3913 408 3986 illa
431 3932 508 3989 esse
532 3914 758 3990 mnormanda
775 3923 808 3991 et
828 3915 1027 4004 innovanda,
1045 3924 1143 4012 prout
1166 3920 1334 4027 praesenti
1354 3919 1492 3998 decreto

262 4024 436 4100 confirmat
461 4032 495 4101 et
518 4026 663 4102 innovat.

335 4139 517 4224 Praeterea,
544 4159 621 4214 cum
646 4139 850 4233 experientia
876 4142 1023 4234 quotidie
1048 4143 1281 4237 comperiatur,
1298 4143 1492 4237 complures

260 4250 541 4345 indulgentiarum
567 4253 799 4330 concessiones
824 4255 996 4348 generales
1016 4255 1167 4352 expediri
1191 4256 1297 4332 inscia
1321 4256 1395 4350 ipsa
1411 4257 1491 4335 Sac.
