3204 4924
317 327 385 400 tel

335 489 337 494 -
751 445 779 510 A
799 443 957 510 uerredtcro
977 444 1058 510 XIV.

400 541 450 608 ce
469 539 534 608 Sat.
557 538 663 624 Gonqr.
683 538 944 624 indulgentiorem
964 540 1050 606 Decr.
1073 539 1111 605 td
1131 539 1301 606 Drmrnlria
1323 541 1402 606 7763

364 650 429 714 66.ο
450 649 627 715 Benedictio
640 655 670 714 et
684 648 844 715 losduno
858 650 1014 715 Generalis
1028 649 1171 716 omnibus
1185 649 1395 716 cnuiretribus
1407 655 1439 716 et
1457 649 1528 716 con·

281 745 438 810 sororibus
458 744 567 810 diebus
589 749 623 808 ut
645 744 732 808 inira.

364 838 391 903 l.
413 839 447 903 ln
469 839 545 904 leste
566 838 618 904 SS.
641 838 806 918 Trinitatis.
827 839 857 902 2.
873 839 906 906 ln
929 838 1003 904 testo
1025 839 1056 904 S.
1071 839 1198 922 lgneus
1214 839 1355 905 Secundo
1377 839 1524 922 (telon.)

281 933 310 999 3.
332 935 365 999 76
388 933 463 998 testo
484 933 514 998 S.
537 933 716 998 catharinae
737 935 772 999 V.
794 941 825 998 et
844 935 883 999 ll.
905 934 959 1016 (tn
979 934 1066 1018 Noe.)
1088 935 1116 1000 i.
1139 935 1524 1002 internoscerentur

280 1027 353 1094 leria
374 1028 480 1110 quinta
503 1029 534 1092 in
558 1027 653 1092 coeno
673 1027 802 1094 Domini.
835 1029 864 1093 6.
887 1028 920 1094 76
941 1029 1017 1094 testo
1038 1029 1069 1095 S.
1091 1031 1123 1094 P.
1145 1030 1181 1096 N.
1202 1029 1327 1094 loannis
1358 1029 1399 1094 dn
1430 1031 1527 1095 llatba

221 1145 227 1158 ·
281 1121 324 1204 (8
346 1121 447 1202 Febr.)
475 1123 503 1186 7.
525 1121 558 1186 76
581 1123 657 1186 testo
677 1121 707 1186 S.
730 1123 762 1187 P.
783 1121 820 1187 N.
842 1123 950 1192 Felicis
971 1125 1082 1189 valesii
1109 1123 1182 1206 (20.
1202 1123 1360 1206 Nouemb.)
1387 1124 1527 1190 Animad-

282 1217 463 1284 vertendum
485 1233 555 1281 vero
575 1223 621 1282 est
641 1216 723 1299 quod
745 1217 854 1282 diebus
874 1219 988 1300 quibus
1009 1219 1099 1284 datur
1119 1219 1293 1284 benedictio
1322 1226 1355 1282 et
1379 1219 1527 1284 absolutio

282 1312 437 1378 Generalis
458 1311 578 1394 proprie
600 1327 661 1376 non
688 1309 855 1376 absolvitur
885 1314 1012 1395 666766
1043 1319 1078 1378 ut
1108 1313 1271 1380 declaravit
1302 1312 1445 1378 clemens
1463 1313 1527 1378 lllll

280 1407 367 1472 Brevi
387 1407 475 1472 Decet
493 1405 662 1471 Romanum
683 1406 854 1489 Pontificem
875 1408 935 1472 diei
950 1408 1052 1473 tilloit
1076 1409 1155 1494 7672
1168 1409 1222 1474 sed
1243 1409 1279 1472 tlt
1292 1408 1526 1472 communicatio

281 1502 543 1584 indulgentiarum
563 1501 716 1566 bonorum
736 1508 766 1566 et
786 1503 1002 1584 suffragiorum
1022 1503 1184 1585 lleligiosis
1204 1503 1347 1568 omuibus
1373 1519 1446 1568 vere
1466 1519 1528 1585 poe·

281 1597 454 1664 nitentibus
470 1595 615 1662 confessis
635 1602 666 1660 et
686 1595 717 1662 S.
740 1595 962 1662 Communione
983 1598 1111 1676 reiectis,
1132 1599 1185 1680 qui
1207 1597 1280 1662 buic
1301 1597 1414 1663 Sacrae
1441 1598 1525 1662 inter·

280 1692 393 1760 luerint
412 1689 572 1770 iunctioni,
594 1689 625 1754 in
647 1689 790 1756 Ecclesiis
811 1691 935 1758 Ordinis
955 1692 1156 1774 peragendae.

756 1811 783 1876 l
805 1813 952 1877 cbmente
971 1813 1055 1878 lllll.

362 1908 506 1974 Ῠ77666676
525 1906 589 1973 Sue.
612 1907 719 1988 Gonqr.
742 1907 1000 1992 irtdnlqentiornm
1020 1908 1080 1974 diei
1093 1908 1321 1979 tellumone
1337 1909 1430 1974 7768.

360 2031 429 2094 er.v
449 2000 482 2095 sr'
504 2030 613 2095 restem
634 2029 1079 2096 senseresensere
1102 2029 1267 2112 (666.)
1290 2029 1407 2095 ructon
1432 2029 1464 2095 n
1491 2029 1526 2093 re·

279 2124 323 2191 ria
346 2136 453 2209 quarta
474 2125 620 2206 cinerum
640 2131 693 2188 aut
724 2126 755 2189 in
776 2123 975 2218 'dominicam
1005 2126 1135 2206 primam
1166 2123 1424 2206 Quadragesimae
1459 2134 1525 2189 tunc

278 2221 458 2308 transfertur
479 2223 510 2286 in
533 2219 614 2285 diem
636 2226 814 2303 sequentem
836 2238 896 2284 nna
918 2237 989 2286 cum
1010 2219 1151 2286 cenerali
1172 2219 1372 2284 absolutione.

361 2439 411 2505 e's
430 2415 583 2522 descripto
602 2437 666 2504 Set.
690 2437 796 2522 congr.
816 2342 1076 2522 flammeum
1096 2439 1155 2506 diei
1174 2440 1215 2504 22
1236 2438 1342 2506 dlortii
1362 2438 1455 2504 teet.

361 2563 427 2642 263
449 2563 597 2630 Omnibus
618 2561 828 2628 Contratribus
847 2569 877 2627 et
899 2562 1118 2627 consororibus
1131 2563 1163 2628 S.
1177 2563 1340 2644 Scapulam
1354 2561 1410 2628 SS.
1425 2561 1519 2626 'l'rini-

280 2659 351 2724 tatis
372 2657 573 2740 gestantibus,
594 2673 629 2722 66
650 2657 848 2722 recitantibus
868 2657 998 2738 singulis
1019 2658 1091 2720 anni
1113 2657 1221 2722 diebus
1242 2665 1288 2722 ter
1302 2657 1405 2734 Peter,
1420 2657 1520 2722 Amet

282 2751 386 2818 clorio
405 2751 438 2819 iu
460 2751 607 2817 bonorem
628 2751 765 2832 ejusdem
787 2750 840 2817 SS.
852 2752 1007 2816 Trinitatis
1029 2750 1221 2833 induigentia
1242 2757 1359 2833 septem
1377 2767 1522 2816 annorum

278 2847 465 2928 totidemque
486 2846 750 2928 quadragenarum
765 2862 820 2928 pro
834 2844 970 2928 qualibet
983 2845 1049 2924 die;
1063 2845 1101 2910 iis
1116 2862 1185 2911 vcro
1200 2845 1363 2910 Sodalibus
1376 2846 1432 2926 667
1446 2861 1522 2928 prae

277 2943 353 3007 latas
374 2957 476 3022 preces
497 2957 552 3024 per
572 2942 726 3022 integrum
747 2957 882 3005 mensem
904 2941 1030 3005 recitare
1048 2957 1107 3023 pro
1128 2957 1212 3005 more
1234 2939 1400 3006 habuerint
1421 2937 1519 3004 ludul-

278 3037 380 3118 geutin
403 3035 539 3100 Plenaria
560 3035 654 3100 semel
675 3035 706 3100 in
727 3035 865 3116 quolibet
879 3051 992 3113 mense,
1006 3035 1248 3117 uniuscujusque
1268 3034 1396 3099 arbitrio
1417 3033 1521 3114 eligen·

278 3130 327 3210 da,
350 3131 380 3194 76
403 3146 463 3210 666
484 3145 553 3194 vere
574 3131 763 3212 poenitentes
784 3129 913 3194 cuniessi
935 3145 970 3194 ac
984 3129 1014 3194 S.
1037 3129 1257 3194 communione
1278 3130 1382 3194 relecti
1405 3127 1519 3202 luerint,

276 3230 308 3289 et
327 3224 461 3305 aliquam
482 3224 636 3305 publicam
657 3224 822 3289 Ecclesiam
840 3223 1037 3302 visitaverint,
1051 3223 1155 3305 ibique
1168 3239 1223 3306 per
1237 3223 1360 3305 aliquod
1382 3221 1519 3304 temporis

276 3319 409 3403 spatium
427 3319 515 3399 juxte
536 3323 670 3384 tuentem
691 3318 809 3384 Summi
831 3319 987 3383 Pontificis
1007 3320 1167 3382 oraverint.

652 3455 712 3520 Pru
733 3454 880 3520 uniuersis
900 3453 1147 3536 christifidelibus

739 3549 785 3640 Ab
806 3550 976 3615 Innocentio
993 3549 1059 3617 llll.

275 3659 366 3726 Breoi
385 3658 548 3726 Salvatoris
568 3665 599 3725 et
618 3659 740 3728 Domini
761 3666 819 3725 etc.
840 3659 899 3726 diei
918 3657 958 3724 27
978 3659 1064 3725 iunii
1083 3658 1162 3724 7633
1178 3657 1352 3744 confinnuto
1372 3675 1392 3722 o
1415 3658 1514 3739 66666

354 3755 402 3821 rio
422 3753 502 3820 xvi.
522 3755 613 3824 Brevi
634 3756 762 3820 Paterna
783 3773 843 3836 qua
864 3756 993 3820 nitimur
1012 3761 1070 3820 etc.
1097 3753 1155 3819 diei
1175 3754 1211 3818 tl
1235 3753 1413 3835 Septembris
1434 3751 1514 3816 7837.
1587 3811 1588 3833 ,

325 3923 329 3932 =
356 3878 423 3942 299
444 3879 644 3944 visitantibus
665 3878 815 3944 ccclesias
835 3883 888 3941 aut
909 3876 1065 3960 cannellas
1086 3875 1208 3942 Ordinis
1228 3873 1441 3940 Sanctissimae
1454 3870 1512 3935 Tri·

276 3973 381 4038 nitatis
406 3973 595 4056 participatio
616 3974 755 4039 omnium
775 3971 1049 4054 indulgentiarum,
1070 3965 1514 4051 l’rlrilegiorum,l³raerogatt

277 4083 386 4132 rarum
404 4075 434 4134 et
455 4069 627 4134 Gratiarum
648 4085 728 4150 quae
749 4084 890 4134 concessa
912 4065 1256 4145 suutcuilibetllomui,
1276 4062 1513 4139 connectebant

276 4161 358 4228 Loco
371 4163 422 4244 pio
438 4169 499 4248 tam
512 4163 735 4231 canonicorum
748 4179 844 4246 quam
856 4161 1042 4228 ctericomm
1052 4160 1259 4243 7766616666,
1273 4156 1511 4232 llendicantium,

276 4262 308 4326 et
328 4273 390 4326 uou
411 4257 648 4331 blendicantium
670 4259 904 4330 llouasticorum
925 4256 1058 4338 cujusvis
1080 4253 1201 4322 Ordinis
1220 4253 1292 4319 sint
