3164 4926
527 389 573 410 -
602 361 669 426 {33
697 391 743 408 -

83 513 125 588 qut
140 493 420 587 dmdagenarum.
448 495 612 569 Omnibus
638 496 738 569 etiarn
754 504 788 570 et
804 497 943 589 singulis
959 491 1135 591 uniusque
1151 519 1255 574 sexos

80 607 315 694 Ebr‘stiidelbos‚
344 627 422 683 vere
448 609 696 701 poenitentibus
722 617 756 682 et
787 610 966 694 confessis,
997 612 1054 702 qui
1081 611 1256 688 Sanctissi-

79 739 137 792 uun
156 721 370 794 Eucharistiae
402 723 673 805 Sacramentum,
701 723 875 795 occasione
905 722 1158 798 communionis
1191 726 1256 798 Ge·

79 834 156 904 nortis
176 835 273 906 semel
296 836 333 906 in
359 853 476 908 meuse
501 833 711 926 peragendae
737 835 770 906 in
797 833 915 907 eadem
932 835 1080 908 Ecclesia
1100 831 1258 930 sumpse·

78 947 123 1028 nt
141 947 241 1038 ibique
262 953 300 1021 ut
325 967 429 1041 supra
454 948 630 1031 oraverint,
656 948 692 1018 in
711 965 778 1020 uua
802 947 988 1032 testivitate,
1012 948 1063 1021 vel
1085 947 1140 1022 dio
1156 949 1258 1023 unius

77 1059 159 1129 nemis
181 1061 357 1150 quotannis
381 1061 538 1154 Episcopi
571 1060 706 1133 arbitrio
736 1059 952 1151 designanda,
986 1061 1192 1151 Plenariam;
1222 1061 1258 1134 iu

76 1171 112 1240 aia
131 1189 196 1244 roro
225 1171 424 1256 lestivitatc,
458 1173 511 1246 rel
543 1171 597 1246 die
626 1173 834 1263 singulorum
864 1173 1071 1263 reliquorum
1099 1173 1258 1247 undecim

74 1285 193 1356 namium
215 1291 252 1358 ut
276 1305 382 1378 supra
407 1284 558 1376 eligenda
583 1291 714 1376 septem
740 1303 915 1368 annorum,
941 1282 1149 1376 totidemque
1173 1287 1258 1372 Qua·

74 1393 254 1485 lagenamm.
283 1398 371 1489 lpsis
397 1405 508 1469 autem
534 1395 822 1481 christifidelibus,
840 1396 958 1468 saltem
976 1393 1076 1470 eorde
1093 1397 1258 1482 contritis,

74 1507 226 1595 quidiebus
250 1511 439 1582 stationum
464 1510 558 1601 jnxta
579 1509 679 1582 ritum
701 1509 843 1582 blissalis
860 1509 1010 1592 Romani,
1028 1507 1182 1582 eamdem
1198 1509 1259 1584 Eo·

72 1617 411 1703 coarctaverint,
438 1621 551 1712 ibique
577 1639 637 1713 per
663 1620 799 1711 aliquod
823 1622 983 1713 temporis
1012 1623 1158 1713 spatium
1184 1639 1257 1696 ora·

73 1731 151 1814 tm'nt
175 1732 306 1806 omem
340 1733 584 1824 indulgentias
619 1752 704 1824 ques
737 1741 1042 1825 consequerentur,
1075 1735 1104 1806 si
1137 1733 1259 1808 iisdem

73 1839 152 1914 delus
172 1845 337 1918 Ecclesias
361 1847 546 1918 stationum
574 1846 673 1918 Urbis
694 1845 747 1918 uel
764 1853 857 1918 extra
874 1846 960 1918 illios
977 1865 1092 1919 muros
1110 1847 1258 1920 exbteo·

74 1957 280 2032 brbibrent.
308 1958 353 2030 lis
380 1958 479 2030 etiam
505 1958 622 2030 saltem
648 1957 749 2030 corde
775 1960 940 2044 contritis,
967 1961 1026 2051 qui
1056 1959 1259 2054 expositioni

73 2063 230 2142 lenerabilis
262 2071 297 2143 iu
333 2071 549 2144 solemnitate
581 2072 796 2144 bscausiouis
826 2071 1021 2146 Dornioicae
1053 2079 1086 2146 et
1118 2073 1259 2166 siugulis

73 2175 151 2252 liebus
174 2201 281 2275 usque
314 2183 359 2255 ad
390 2183 599 2276 pervigilium
632 2185 845 2256 Pentecostas
877 2185 1038 2258 inclusive
1063 2183 1259 2260 immediate

72 2295 242 2380 ammtbm
267 2295 389 2370 deuote
415 2296 632 2379 intonuerint,
661 2313 699 2368 ac
715 2297 892 2382 oraverint,
910 2317 977 2388 qua
994 2296 1049 2370 die
1067 2296 1102 2370 id
1119 2298 1257 2389 egerint,

72 2411 163 2478 tuom
185 2407 325 2492 dierum,
352 2415 386 2482 et
411 2410 689 2500 quotiescumque
712 2407 915 2502 praedictam
939 2409 1122 2482 Ecclesiam
1148 2409 1257 2483 visita·

74 2517 289 2614 acutiorque
316 2527 354 2594 ut
383 2541 486 2615 supra
515 2523 696 2606 oraverint,
731 2523 828 2596 toties
862 2522 962 2595 trium
995 2539 1159 2594 annorum
1186 2522 1261 2596 toti·

72 2623 175 2721 touque
201 2635 496 2726 Quadrageoamm
527 2635 632 2706 semel
663 2636 699 2708 in
728 2634 784 2708 die
815 2653 876 2728 per
905 2651 1185 2726 unumquemque
1209 2635 1260 2707 lu·

72 2739 265 2820 dicendam
292 2749 435 2838 insuper
460 2747 672 2838 Priuilegium
697 2746 799 2819 Altari
825 2766 885 2841 per
915 2747 1128 2821 ordinarium
1153 2747 1259 2822 semel

73 2845 231 2943 &quando
255 2859 291 2932 iu
316 2857 459 2932 Ootlduo
483 2860 635 2932 omnium
652 2857 815 2932 Fidelium
831 2860 1069 2934 Deluuctorom
1088 2879 1127 2933 ao
1144 2862 1178 2932 in
1196 2879 1258 2934 seu

73 2963 202 3050 tquslbet
224 2971 458 3045 hebdomadae
483 2970 602 3043 diebus
629 2971 671 3043 ab
697 2969 870 3044 ordinario
895 2973 1019 3064 pariter
1044 2971 1216 3063 eEgendis.

117 3075 267 3155 Eutresis
292 3086 417 3176 paritor
442 3090 474 3154 et
500 3083 639 3174 singulis
673 3083 949 3158 Cbristitidelibus
979 3103 1058 3156 vere
1087 3083 1259 3176 poeniten·

74 3183 138 3271 llll,
159 3195 312 3268 confessis
343 3203 376 3268 el
408 3196 442 3267 S.
477 3195 720 3268 communione
745 3195 876 3268 relectis
902 3197 961 3286 qui
991 3195 1173 3270 Ecclesiam
1199 3196 1259 3268 Cu·

74 3295 209 3377 tledralam
239 3307 438 3380 Eosulauam
473 3309 507 3378 in
539 3306 771 3381 festivitatibus
805 3310 839 3378 S.
870 3307 1023 3400 losepbi,
1058 3307 1093 3379 S.
1125 3306 1258 3380 llomuli

74 3403 184 3506 lpbtopt
207 3419 416 3511 encarpis
442 3425 475 3490 et
499 3418 722 3492 Dedicationis
748 3420 900 3512 ejusdem
920 3421 1088 3495 Ecclesiae
1105 3440 1124 3494 a
1140 3419 1258 3512 primis

74 3527 180 3610 repom
202 3549 309 3622 osque
335 3530 379 3604 ad
403 3549 560 3604 occasum
593 3530 672 3603 solis
705 3530 919 3604 testivitatum
952 3531 1164 3626 hujusmodi,
1194 3549 1259 3605 nec

75 3636 163 3708 lton
184 3641 288 3731 primo
313 3651 347 3716 et
372 3643 488 3716 ultimo
514 3641 568 3716 die
593 3643 749 3716 Nouenae
774 3643 956 3720 Natiuitatis
989 3645 1199 3728 Dominicae,
1226 3649 1260 3718 et

76 3747 202 3824 tulero
224 3763 318 3832 sexta
343 3775 405 3850 per
430 3755 642 3830 ordinarium
666 3757 771 3830 semel
795 3756 1012 3849 designanda,
1036 3763 1135 3846 atque
1152 3757 1186 3828 iu
1203 3753 1259 3832 die

78 3849 358 3944 bononorationis
384 3870 533 3943 omnium
552 3868 713 3942 Fidelium
730 3869 968 3949 Deiunotortun
996 3871 1038 3946 ab
1056 3876 1132 3944 ortu
1147 3887 1260 3962 usque

79 3963 253 4055 tdooaaum
269 3981 349 4054 solis
375 3979 506 4054 dierum
524 3980 693 4054 valleriae
709 3980 902 4072 hujusmodi
928 3979 1067 4073 siugulis
1089 3979 1186 4052 aunis
1203 3979 1261 4056 dc·

79 4085 128 4152 Ele
147 4087 342 4178 t'rsitauerint,
370 4094 485 4184 ibique
509 4099 547 4167 ut
571 4093 756 4187 praefertur
781 4094 965 4175 oraverint,
991 4089 1187 4165 Plenariam.
1213 4093 1259 4168 lis

80 4201 132 4262 tero
144 4198 244 4275 odem
268 4204 514 4298 peragentibus,
540 4223 579 4276 ac
603 4209 760 4298 utsupra
786 4204 958 4278 orantibus
976 4205 1011 4276 in
1027 4201 1260 4277 lestiritatibus

80 4293 216 4386 -l'tt'titat'o
238 4317 271 4390 S.
286 4317 423 4392 loannis
449 4317 624 4410 Baptistae,
643 4317 702 4392 SS.
720 4317 868 4396 loaobim
895 4323 929 4390 et
951 4315 1068 4392 bonae
1084 4313 1176 4386 ecs.
1194 4313 1261 4392 llu-
