3214 4928
594 369 801 436 ..37...

652 589 732 664 ttv.

159 725 233 798 Cum
258 729 380 802 Sacrae
406 729 661 822 congregationi
686 731 903 821 indulgentiis
937 731 1115 823 sacrisque
1145 733 1306 826 Reliqniis

101 839 282 929 praepositae
298 841 481 914 innotuerit
496 843 530 914 in
547 842 717 917 nonnuliis
729 843 886 916 Ecclesiis
904 843 1013 916 ltaliae
1030 845 1210 937 praecipue
1223 865 1304 921 vero

100 951 236 1042 inltegno
247 953 428 1045 utriusque
440 953 568 1030 Siciliae
585 955 774 1028 Orationem
789 955 1013 1046 Quadraginta
1025 956 1184 1030 horarum
1198 959 1305 1033 noctis

100 1067 224 1156 tenpore
248 1066 443 1156 intermitti3
469 1073 540 1141 orta
565 1067 726 1140 dubitatio
748 1075 800 1141 est
825 1097 837 1130 ι
862 1071 916 1141 An
936 1069 1112 1144 visitantes
1128 1072 1304 1164 aripenn-

99 1176 198 1248 rinvun
220 1177 465 1252 Enctnristiuc
492 1182 753 1258 Sacramentum
774 1180 877 1254 modo
897 1200 1003 1274 supro
1029 1188 1219 1258 mentorum
1246 1205 1305 1258 ec-

96 1290 220 1379 pusitum
244 1291 506 1384 inducentium
531 1295 689 1386 consequi
713 1296 865 1375 ualeant,
892 1313 970 1367 cum
995 1295 1033 1366 in
1052 1295 1218 1370 Brevitas
1236 1318 1305 1390 pro

97 1401 228 1475 Oetenis
257 1405 388 1478 ltolioe
414 1402 576 1478 toclacus
600 1405 767 1498 expeditis
794 1408 952 1500 conposito
976 1408 1044 1480 sint
1063 1408 1170 1482 uerbo
1195 1411 1305 1484 ‹Ora-

98 1513 160 1586 tioni
181 1516 401 1610 qnadraginta
426 1517 584 1592 horarum
610 1519 877 1593 continuatarum
902 1537 972 1594 non
997 1527 1109 1595 autem
1126 1522 1305 1616 interpola-

97 1631 205 1700 tarnm‘?
225 1659 237 1692 ι
255 1630 339 1704 ldeo
356 1649 394 1704 re
412 1638 539 1706 mature
565 1631 728 1717 discussa,
755 1632 881 1708 Eadem
907 1634 980 1706 Sao.
1008 1633 1229 1728 Congregatto
1245 1637 1306 1712 dc·

98 1739 222 1826 nundi,
248 1742 496 1834 indulgentiam
522 1745 567 1816 ita
599 1745 721 1818 lucrari
746 1746 883 1818 minime
916 1765 1028 1838 posse.
1059 1749 1108 1822 Ne
1135 1754 1245 1824 antem
1272 1751 1306 1823 iu

97 1859 243 1940 posterum
269 1855 513 1929 christifideles
538 1863 630 1930 tanto
655 1857 849 1930 coelestium
867 1857 1032 1932 donorum
1053 1859 1143 1933 bono
1160 1867 1306 1944 careant,

97 1967 201 2040 tensuit
231 1969 265 2040 in
299 1969 365 2042 illis
398 1968 568 2052 EcclesiiS,
603 1970 638 2041 in
671 1970 795 2060 quibus
821 1971 1005 2044 rationabili
1031 1971 1073 2044 de
1099 1991 1199 2046 causa
1224 1976 1306 2048 Ora-

98 2076 362 2180 ioqnadraginta
380 2081 538 2154 laurarum
565 2087 667 2154 noctu
694 2081 864 2156 intermitti
891 2085 1078 2168 constravit,
1100 2085 1307 2177 indulgentia

97 2188 195 2266 deinde
214 2193 423 2268 concedatur
443 2213 479 2266 en
499 2193 689 2268 conditione
714 2193 851 2284 adjecta,
878 2202 915 2266 nt
940 2197 1073 2270 nonnisi
1091 2199 1197 2272 noctis
1224 2205 1305 2272 tom·

96 2320 174 2391 pore,
197 2324 324 2400 nempe
350 2306 393 2378 ab
419 2305 500 2380 liora
525 2307 823 2397 vigesimaquarta,
851 2325 960 2398 nsque
987 2306 1030 2382 ad
1054 2328 1207 2382 auroram
1242 2311 1309 2386 diei

97 2413 263 2492 immediate
289 2417 466 2510 sequentis
492 2417 681 2509 saepedicta
707 2418 818 2491 Oratio
844 2420 1071 2511 interpoletur.
1093 2421 1177 2494 Cum
1197 2429 1309 2496 autem

98 2533 190 2602 vntum
213 2531 288 2604 Sao.
308 2529 584 2621 congregauonis
610 2531 826 2604 sanctissimo
853 2532 995 2605 Domino
1020 2532 1141 2604 Nostro
1167 2533 1308 2610 relatum

97 2635 184 2714 luent.

154 2755 315 2829 Sanctitas
340 2757 408 2828 Sua
439 2755 520 2828 iltnd
548 2755 693 2847 henigne
718 2756 923 2849 approbavit,
946 2763 979 2830 et
1003 2758 1143 2842 eximia,
1169 2777 1236 2851 uua
1260 2759 1310 2834 Fi·

97 2861 169 2937 delas
191 2886 313 2942 omnes
338 2867 496 2942 charitate
521 2869 762 2960 complectitur,
789 2867 959 2942 mandavit
984 2874 1085 2942 ntea
1110 2869 1153 2944 dc
1178 2891 1216 2944 re
1232 2873 1309 2966 Epi-

98 2978 171 3069 scopi
193 2982 353 3054 candores
379 2980 507 3064 tierent,
534 2985 572 3052 nt
597 2980 742 3071 utrisque
759 2999 897 3054 suarum
914 2980 1138 3056 Ecclesiarum
1160 2983 1310 3076 indigen·

99 3087 147 3161 iae
160 3093 256 3176 omni,
279 3111 345 3184 qua
362 3091 459 3166 decet
475 3091 668 3185 prudentia,
688 3111 726 3163 ac
744 3091 912 3184 diligentia
929 3094 1129 3179 consuleret,
1148 3095 1308 3182 curando,

99 3205 128 3270 nt
145 3221 224 3275 nova
247 3204 368 3278 Brevia
394 3203 540 3298 desuper
565 3211 753 3296 opportuna
780 3203 1012 3296 expediantur.

155 3315 270 3390 ltatnm
295 3317 422 3390 Romae
447 3316 502 3390 die
528 3321 575 3388 28
602 3316 800 3390 Novembris
830 3322 934 3389 titt.

693 3431 729 3502 L.
756 3431 861 3504 Cano.
888 3431 984 3504 Picus
1010 3431 1133 3504 Pnlnr.

518 3542 677 3636 liopttoet
705 3544 843 3616 Cosmus
870 3541 911 3615 dc
936 3544 1155 3636 uteonpmn
1182 3546 1306 3622 secret.

660 3739 727 3814 LV.

161 3877 391 3958 Smcdssimus
417 3881 579 3956 Dominus
604 3881 725 3955 Noster
749 3879 793 3954 ad
816 3879 1019 3956 humillimas
1035 3897 1153 3975 proces
1170 3882 1310 3958 llinistri

108 3984 251 4068 Genuum
276 3997 378 4068 totins
408 3995 542 4069 Ordinis
575 3996 727 4068 Fratrum
760 3995 926 4069 ltinornm
959 3994 1168 4070 confirmavit
1198 3996 1310 4070 omnia

107 4097 203 4176 ittarta
225 4108 430 4200 privilegiata
454 4115 617 4201 perpetua
642 4125 729 4198 quae
754 4108 968 4200 reperiuntur
993 4125 1152 4182 concessa
1177 4108 1213 4180 in
1229 4126 1312 4182 non·

109 4211 186 4288 vultu
208 4219 364 4294 Ecclesiis
388 4221 490 4294 trium
515 4219 678 4294 Ordinem
704 4221 815 4295 eidem
840 4221 990 4296 Ministro
1015 4221 1169 4296 Generali
1197 4221 1310 4312 subje-

110 4329 222 4406 ctumn.
239 4336 323 4422 Onia
339 4352 422 4408 veru
438 4333 474 4407 in
487 4333 654 4426 aliquibus
671 4335 742 4408 aliis
760 4333 916 4410 Ecclesiis
933 4334 1131 4410 eommdom
1147 4331 1310 4410 Ordiouur
