3164 4926
594 369 787 434 ..gg-

85 503 296 578 Secrctarium
323 503 542 576 sanctissimo
567 503 708 575 Domino
733 499 902 585 relatione,
927 499 1090 576 Sanctitas
1107 501 1176 576 Sua
1194 509 1310 578 votnm

85 621 146 690 Suc
165 617 444 709 congregationis
469 617 614 708 benigne
641 615 847 709 approbavit.

625 727 661 799 C.
689 727 792 800 Cano.
819 749 860 800 44
886 729 1089 802 Η44444444
1114 731 1236 804 Puarr.

560 842 599 916 4.
626 843 673 914 44.
700 841 796 914 Erbc
821 843 914 916 Prot.
940 843 1154 937 apostolicus
1178 845 1304 920 Semel.

620 1038 765 1112 CXXVI.

285 1185 466 1240 44444444
492 1186 669 1240 ounrumm
695 1185 847 1240 uocouuu
873 1185 1114 1242 sunrecrauuu

147 1297 223 1368 Sao.
254 1293 476 1384 congregatio
502 1291 718 1382 indulgentiis
745 1293 922 1384 sacrisque
942 1294 1101 1384 Reliquiis
1126 1297 1314 1389 praeposita

80 1410 138 1482 mn
164 1408 222 1480 die
254 1411 301 1478 48
327 1407 403 1480 itali
439 1411 530 1478 4744
565 1405 753 1489 declaravit,
780 1406 1053 1479 sanctimoniales
1084 1426 1315 1501 quascumque

81 1521 264 1594 udaiuns
292 1519 442 1590 locorum
468 1517 644 1609 subjectas,
676 1517 822 1608 gaudere
856 1517 1072 1608 indulgentiis
1097 1538 1236 1594 suorum
1262 1539 1314 1594 re·

80 1633 227 1724 spontive
254 1629 431 1712 ordinum,
449 1637 506 1702 ant
522 1629 840 1721 congregationum,
859 1650 1001 1722 quarum
1019 1632 1130 1705 illium
1147 1632 1181 1704 iu
1198 1631 1315 1706 Officio

80 1742 250 1816 recitando
277 1747 477 1833 sequuntur,
504 1760 542 1814 ac
567 1742 669 1814 simul
692 1742 883 1814 institutum
901 1742 1107 1834 profitentur.
1125 1745 1175 1817 De
1191 1744 1314 1835 quilius

80 1859 159 1930 ncta
183 1875 250 1948 per
275 1873 332 1928 me
357 1855 605 1946 intrascriptum
627 1855 851 1928 secretarium
876 1855 930 1928 dia
956 1862 1003 1928 30
1020 1857 1171 1948 ejusdem
1187 1857 1315 1930 mensis

82 1969 300 2040 smmissimo
326 1967 469 2039 Domino
495 1967 670 2050 relatione,
698 1967 861 2040 Sanctus
887 1968 955 2042 Sua
986 1975 1101 2042 votum
1126 1971 1201 2041 Sao.
1231 1969 1316 2043 Gon·

81 2081 282 2174 gregationis
309 2079 456 2170 benigne
481 2079 685 2171 approbarit.
1167 2079 1172 2088 '

624 2192 662 2265 C.
690 2193 792 2264 Cano.
819 2213 862 2264 44
887 2195 1089 2266 4444444444
1117 2197 1240 2268 Pulcer.

555 2305 595 2377 Α.
623 2305 669 2378 M.
697 2306 792 2378 droa
817 2308 911 2378 Prot.
938 2307 1150 2400 apostolous
1176 2309 1298 2381 Secrcl.

624 2501 783 2576 cxxvii.

562 2649 654 2702 uncis
679 2649 720 2700 44
747 2648 839 2702 oncis

153 2756 394 2830 sanctissimus
420 2755 581 2828 Dominus
615 2756 734 2828 Noster
764 2754 965 2830 Benedictus
991 2757 1052 2830 PP.
1079 2756 1155 2830 xlv
1185 2755 1239 2830 die
1270 2761 1316 2829 30

81 2873 155 2944 44444
184 2875 279 2942 4444
307 2869 453 2960 benigne
478 2868 655 2941 declararit
680 2869 863 2960 imaginem
880 2869 1038 2942 Cruciliiri
1054 2869 1188 2942 Domini
1205 2870 1317 2944 Nostri

81 2987 160 3056 4444
176 2982 313 3066 Christi,
331 2999 418 3074 quae
436 2981 592 3053 Paroa-his
608 2997 670 3072 pro
686 2981 908 3072 impertienda
920 2981 1247 3056 benedictionecum
1262 2983 1317 3055 lu·

81 3097 252 3188 dntgentia
279 3095 429 3168 44444444
453 3095 489 3166 in
513 3094 650 3167 articulo
675 3095 791 3168 Mortis
816 3093 1030 3178 decernitur,
1057 3094 1155 3166 ctiam
1185 3094 1318 3185 ipsimet

83 3211 245 3294 Paracho,
272 3209 326 3282 cui
352 3225 511 3280 concessa
537 3213 598 3291 est,
619 3208 654 3279 in
675 3207 812 3280 artimrlo
829 3207 942 3280 ltlortis
959 3207 1154 3289 constituto,
1173 3206 1230 3296 qui
1247 3206 1316 3279 sin·

83 3323 159 3413 gula
182 3323 220 3394 in
246 3319 381 3394 decreto
407 3319 516 3392 cidem
541 3318 699 3412 expedito
725 3319 873 3412 injuncta
904 3318 1085 3412 peregerit,
1118 3317 1316 3410 parimodo

84 3435 283 3528 suflragari,
309 3433 381 3507 sive
406 3450 467 3527 per
491 3451 528 3507 so
553 3432 626 3506 aive
649 3451 712 3525 per
738 3433 839 3504 alium
868 3430 1032 3524 eiusmodi
1064 3431 1178 3523 imago
1206 3429 1316 3506 eidem

84 3548 283 3642 porrigatur.

555 3659 595 3730 Α.
623 3659 670 3732 M.
697 3658 793 3732 4444
817 3659 912 3732 Prot.
938 3657 1150 3753 apostolicus
1176 3658 1299 3732 Scorcl

612 3856 788 3930 CXXVlll.

164 4003 224 4072 444
248 3997 302 4070 ,44
327 3998 454 4072 mosae
479 3996 669 4070 4444444444
695 3997 731 4068 in
756 3996 871 4070 litori
905 3996 1066 4072 Scdoiitii
1094 3998 1316 4092 privilegiato

93 4116 167 4184 4444
187 4113 459 4204 conductionem
482 4110 601 4184 Brevis
626 4110 730 4203 ipsius
744 4110 930 4203 privilegii,
948 4111 1316 4205 goudcuotprioilegio

94 4225 129 4294 44
152 4242 230 4296 cour
254 4227 341 4298 4444
368 4227 401 4296 44
427 4226 592 4312 quotenos
617 4223 783 4314 negativo.

165 4341 225 4408 2¹¹¹
248 4339 301 4429 44
325 4337 371 4411 sit
397 4335 490 4408 locos
513 4337 656 4409 illorum
681 4336 855 4411 sonotiooi
862 4337 879 4406 4
