<?xml version="1.0" encoding="UTF-8"?>
<!DOCTYPE html PUBLIC "-//W3C//DTD XHTML 1.0 Transitional//EN"
    "http://www.w3.org/TR/xhtml1/DTD/xhtml1-transitional.dtd">
<html xmlns="http://www.w3.org/1999/xhtml" xml:lang="en" lang="en">
 <head>
  <title>
</title>
<meta http-equiv="Content-Type" content="text/html;charset=utf-8" />
  <meta name='ocr-system' content='tesseract 3.04.00' />
  <meta name='ocr-capabilities' content='ocr_page ocr_carea ocr_par ocr_line ocrx_word'/>
</head>
<body>
  <div class='ocr_page' id='page_1' title='image "./resolutionesseu00pringoog_0087.png"; bbox 0 0 3214 4928; ppageno 0'>
   <div class='ocr_carea' id='block_1_1' title="bbox 276 819 1520 1494">
    <p class='ocr_par' dir='ltr' id='par_1_1' title="bbox 276 819 1520 1494">
     <span class='ocr_line' id='line_1_1' title="bbox 351 819 1517 932; baseline -0.001 -21"><span class='ocrx_word' id='word_1_1' title='bbox 351 819 558 911; x_wconf 75' lang='lat' dir='ltr'><strong>itureseltn</strong></span> <span class='ocrx_word' id='word_1_2' title='bbox 576 839 706 912; x_wconf 88' lang='lat' dir='ltr'>Summi</span> <span class='ocrx_word' id='word_1_3' title='bbox 732 837 909 912; x_wconf 88' lang='lat' dir='ltr'><strong>Ponllilces</strong></span> <span class='ocrx_word' id='word_1_4' title='bbox 935 845 968 912; x_wconf 93' lang='grc'><strong>31</strong></span> <span class='ocrx_word' id='word_1_5' title='bbox 993 837 1189 932; x_wconf 86' lang='lat' dir='ltr'><strong>praesertim</strong></span> <span class='ocrx_word' id='word_1_6' title='bbox 1216 837 1294 908; x_wconf 87' lang='lat' dir='ltr'><strong>San.</strong></span> <span class='ocrx_word' id='word_1_7' title='bbox 1313 838 1413 910; x_wconf 87' lang='lat' dir='ltr'><strong>ilem.</strong></span> <span class='ocrx_word' id='word_1_8' title='bbox 1432 835 1517 910; x_wconf 87' lang='lat' dir='ltr'><strong>Pau·</strong></span> 
     </span>
     <span class='ocr_line' id='line_1_2' title="bbox 276 947 1517 1042; baseline -0.001 -20"><span class='ocrx_word' id='word_1_9' title='bbox 276 951 329 1023; x_wconf 90' lang='grc'><strong>133</strong></span> <span class='ocrx_word' id='word_1_10' title='bbox 355 951 395 1034; x_wconf 87' lang='lat' dir='ltr'><strong>V,</strong></span> <span class='ocrx_word' id='word_1_11' title='bbox 422 950 578 1024; x_wconf 81' lang='lat' dir='ltr'><strong>Clemens</strong></span> <span class='ocrx_word' id='word_1_12' title='bbox 603 953 649 1024; x_wconf 92' lang='lat' dir='ltr'><strong>lll</strong></span> <span class='ocrx_word' id='word_1_13' title='bbox 676 971 714 1024; x_wconf 89' lang='lat' dir='ltr'><strong>ae</strong></span> <span class='ocrx_word' id='word_1_14' title='bbox 738 952 939 1025; x_wconf 79' lang='lat' dir='ltr'>Benedictus</span> <span class='ocrx_word' id='word_1_15' title='bbox 965 951 1040 1024; x_wconf 89' lang='lat' dir='ltr'><strong>lllll</strong></span> <span class='ocrx_word' id='word_1_16' title='bbox 1066 947 1306 1024; x_wconf 81' lang='lat' dir='ltr'><strong>Archlconirat.</strong></span> <span class='ocrx_word' id='word_1_17' title='bbox 1325 951 1399 1022; x_wconf 89' lang='grc'><strong>833.</strong></span> <span class='ocrx_word' id='word_1_18' title='bbox 1427 951 1517 1042; x_wconf 85' lang='lat' dir='ltr'><strong>Stig-</strong></span> 
     </span>
     <span class='ocr_line' id='line_1_3' title="bbox 277 1059 1519 1154; baseline 0 -20"><span class='ocrx_word' id='word_1_19' title='bbox 277 1066 403 1135; x_wconf 82' lang='lat' dir='ltr'><strong>matu‘m</strong></span> <span class='ocrx_word' id='word_1_20' title='bbox 430 1061 464 1135; x_wconf 83' lang='grc'><strong>8</strong></span> <span class='ocrx_word' id='word_1_21' title='bbox 490 1064 656 1136; x_wconf 81' lang='lat' dir='ltr'><strong>Francisei</strong></span> <span class='ocrx_word' id='word_1_22' title='bbox 682 1083 720 1136; x_wconf 88' lang='lat' dir='ltr'><strong>ac</strong></span> <span class='ocrx_word' id='word_1_23' title='bbox 745 1060 833 1137; x_wconf 92' lang='lat' dir='ltr'><strong>iilius</strong></span> <span class='ocrx_word' id='word_1_24' title='bbox 859 1059 1088 1137; x_wconf 85' lang='lat' dir='ltr'><strong>Conlratrlhus</strong></span> <span class='ocrx_word' id='word_1_25' title='bbox 1106 1071 1140 1136; x_wconf 90' lang='grc'><strong>31</strong></span> <span class='ocrx_word' id='word_1_26' title='bbox 1156 1063 1410 1146; x_wconf 77' lang='lat' dir='ltr'><strong>consororibus,</strong></span> <span class='ocrx_word' id='word_1_27' title='bbox 1428 1063 1519 1154; x_wconf 86' lang='lat' dir='ltr'><strong>ejus·</strong></span> 
     </span>
     <span class='ocr_line' id='line_1_4' title="bbox 276 1167 1517 1277; baseline -0.002 -29"><span class='ocrx_word' id='word_1_28' title='bbox 276 1192 343 1267; x_wconf 82' lang='lat' dir='ltr'><strong>nne</strong></span> <span class='ocrx_word' id='word_1_29' title='bbox 369 1168 537 1277; x_wconf 72' lang='lat' dir='ltr'><strong>Ecclesiae</strong></span> <span class='ocrx_word' id='word_1_30' title='bbox 562 1167 604 1249; x_wconf 90' lang='lat' dir='ltr'><strong>de</strong></span> <span class='ocrx_word' id='word_1_31' title='bbox 630 1175 719 1250; x_wconf 87' lang='lat' dir='ltr'><strong>Urbe</strong></span> <span class='ocrx_word' id='word_1_32' title='bbox 744 1173 988 1268; x_wconf 75' lang='lat' dir='ltr'><strong>Indulgentiae,</strong></span> <span class='ocrx_word' id='word_1_33' title='bbox 1016 1177 1096 1248; x_wconf 90' lang='lat' dir='ltr'><strong>elias</strong></span> <span class='ocrx_word' id='word_1_34' title='bbox 1122 1175 1246 1248; x_wconf 90' lang='lat' dir='ltr'><strong>scilicet</strong></span> <span class='ocrx_word' id='word_1_35' title='bbox 1279 1176 1359 1248; x_wconf 88' lang='lat' dir='ltr'><strong>solis</strong></span> <span class='ocrx_word' id='word_1_36' title='bbox 1386 1175 1517 1247; x_wconf 88' lang='lat' dir='ltr'><strong>Sodali-</strong></span> 
     </span>
     <span class='ocr_line' id='line_1_5' title="bbox 276 1279 1520 1380; baseline -0.002 -18"><span class='ocrx_word' id='word_1_37' title='bbox 276 1279 352 1374; x_wconf 87' lang='grc'><strong>1133,</strong></span> <span class='ocrx_word' id='word_1_38' title='bbox 380 1293 413 1362; x_wconf 88' lang='grc'><strong>31</strong></span> <span class='ocrx_word' id='word_1_39' title='bbox 438 1286 518 1361; x_wconf 83' lang='lat' dir='ltr'><strong>allas</strong></span> <span class='ocrx_word' id='word_1_40' title='bbox 535 1291 700 1362; x_wconf 89' lang='lat' dir='ltr'><strong>universis</strong></span> <span class='ocrx_word' id='word_1_41' title='bbox 718 1281 1019 1380; x_wconf 80' lang='lat' dir='ltr'><strong>christifidelibus3</strong></span> <span class='ocrx_word' id='word_1_42' title='bbox 1045 1289 1162 1361; x_wconf 90' lang='lat' dir='ltr'><strong>rursus</strong></span> <span class='ocrx_word' id='word_1_43' title='bbox 1185 1285 1264 1362; x_wconf 87' lang='lat' dir='ltr'><strong>alias</strong></span> <span class='ocrx_word' id='word_1_44' title='bbox 1290 1279 1334 1362; x_wconf 87' lang='lat' dir='ltr'><strong>ob</strong></span> <span class='ocrx_word' id='word_1_45' title='bbox 1360 1287 1520 1362; x_wconf 87' lang='grc'><strong>113113113-</strong></span> 
     </span>
     <span class='ocr_line' id='line_1_6' title="bbox 278 1385 1519 1494; baseline 0 -21"><span class='ocrx_word' id='word_1_46' title='bbox 278 1397 356 1474; x_wconf 85' lang='grc'><strong>13333</strong></span> <span class='ocrx_word' id='word_1_47' title='bbox 382 1393 567 1486; x_wconf 83' lang='lat' dir='ltr'><strong>Ecclesiae,</strong></span> <span class='ocrx_word' id='word_1_48' title='bbox 595 1409 627 1475; x_wconf 92' lang='lat' dir='ltr'><strong>et</strong></span> <span class='ocrx_word' id='word_1_49' title='bbox 653 1397 732 1474; x_wconf 89' lang='lat' dir='ltr'><strong>allas</strong></span> <span class='ocrx_word' id='word_1_50' title='bbox 758 1398 802 1474; x_wconf 89' lang='lat' dir='ltr'><strong>ob</strong></span> <span class='ocrx_word' id='word_1_51' title='bbox 829 1401 995 1493; x_wconf 84' lang='lat' dir='ltr'><strong>quaedam</strong></span> <span class='ocrx_word' id='word_1_52' title='bbox 1028 1403 1083 1494; x_wconf 89' lang='lat' dir='ltr'><strong>pta</strong></span> <span class='ocrx_word' id='word_1_53' title='bbox 1116 1419 1218 1494; x_wconf 90' lang='lat' dir='ltr'><strong>opera</strong></span> <span class='ocrx_word' id='word_1_54' title='bbox 1243 1385 1323 1474; x_wconf 85' lang='lat' dir='ltr'><strong>inibi</strong></span> <span class='ocrx_word' id='word_1_55' title='bbox 1349 1393 1519 1494; x_wconf 82' lang='lat' dir='ltr'><strong>explenda</strong></span> 
     </span>
    </p>
   </div>
   <div class='ocr_carea' id='block_1_2' title="bbox 276 1510 1529 4413">
    <p class='ocr_par' dir='ltr' id='par_1_2' title="bbox 276 1510 1529 4413">
     <span class='ocr_line' id='line_1_7' title="bbox 279 1510 1522 1608; baseline 0.002 -23"><span class='ocrx_word' id='word_1_56' title='bbox 279 1510 322 1586; x_wconf 88' lang='lat' dir='ltr'><strong>aii</strong></span> <span class='ocrx_word' id='word_1_57' title='bbox 347 1511 549 1608; x_wconf 88' lang='lat' dir='ltr'><strong>perpetuum</strong></span> <span class='ocrx_word' id='word_1_58' title='bbox 582 1525 615 1587; x_wconf 91' lang='lat' dir='ltr'><strong>et</strong></span> <span class='ocrx_word' id='word_1_59' title='bbox 647 1511 690 1588; x_wconf 91' lang='lat' dir='ltr'><strong>ad</strong></span> <span class='ocrx_word' id='word_1_60' title='bbox 722 1519 855 1607; x_wconf 89' lang='lat' dir='ltr'><strong>tempus</strong></span> <span class='ocrx_word' id='word_1_61' title='bbox 882 1521 1126 1588; x_wconf 86' lang='lat' dir='ltr'><strong>concesserant.</strong></span> <span class='ocrx_word' id='word_1_62' title='bbox 1166 1515 1405 1599; x_wconf 85' lang='lat' dir='ltr'><strong>cumatilem,</strong></span> <span class='ocrx_word' id='word_1_63' title='bbox 1431 1512 1522 1587; x_wconf 87' lang='lat' dir='ltr'><strong>sictrl</strong></span> 
     </span>
     <span class='ocr_line' id='line_1_8' title="bbox 279 1617 1521 1720; baseline 0.001 -21"><span class='ocrx_word' id='word_1_64' title='bbox 279 1617 396 1699; x_wconf 87' lang='lat' dir='ltr'><strong>eadem</strong></span> <span class='ocrx_word' id='word_1_65' title='bbox 422 1622 776 1700; x_wconf 77' lang='lat' dir='ltr'><strong>dichiconirater·nitas</strong></span> <span class='ocrx_word' id='word_1_66' title='bbox 802 1625 911 1699; x_wconf 81' lang='lat' dir='ltr'><strong>enixis</strong></span> <span class='ocrx_word' id='word_1_67' title='bbox 937 1625 1093 1720; x_wconf 85' lang='lat' dir='ltr'><strong>precihus</strong></span> <span class='ocrx_word' id='word_1_68' title='bbox 1120 1629 1178 1700; x_wconf 90' lang='grc'><strong>88.</strong></span> <span class='ocrx_word' id='word_1_69' title='bbox 1201 1627 1239 1699; x_wconf 88' lang='lat' dir='ltr'><strong>D.</strong></span> <span class='ocrx_word' id='word_1_70' title='bbox 1265 1624 1304 1700; x_wconf 88' lang='lat' dir='ltr'><strong>ll.</strong></span> <span class='ocrx_word' id='word_1_71' title='bbox 1331 1625 1521 1701; x_wconf 84' lang='lat' dir='ltr'><strong>humillime</strong></span> 
     </span>
     <span class='ocr_line' id='line_1_9' title="bbox 279 1733 1523 1831; baseline 0.002 -21"><span class='ocrx_word' id='word_1_72' title='bbox 279 1739 440 1831; x_wconf 82' lang='lat' dir='ltr'><strong>porrectis</strong></span> <span class='ocrx_word' id='word_1_73' title='bbox 458 1738 693 1813; x_wconf 79' lang='grc'><strong>3131311311333</strong></span> <span class='ocrx_word' id='word_1_74' title='bbox 711 1739 891 1812; x_wconf 86' lang='grc'><strong>8333111313</strong></span> <span class='ocrx_word' id='word_1_75' title='bbox 912 1741 980 1813; x_wconf 88' lang='grc'><strong>833</strong></span> <span class='ocrx_word' id='word_1_76' title='bbox 997 1736 1040 1813; x_wconf 89' lang='grc'><strong>331</strong></span> <span class='ocrx_word' id='word_1_77' title='bbox 1058 1739 1131 1813; x_wconf 88' lang='grc'><strong>833.</strong></span> <span class='ocrx_word' id='word_1_78' title='bbox 1149 1740 1448 1831; x_wconf 86' lang='lat' dir='ltr'><strong>congregationem</strong></span> <span class='ocrx_word' id='word_1_79' title='bbox 1465 1733 1523 1813; x_wconf 91' lang='lat' dir='ltr'><strong>ln-</strong></span> 
     </span>
     <span class='ocr_line' id='line_1_10' title="bbox 279 1843 1523 1945; baseline 0.001 -21"><span class='ocrx_word' id='word_1_80' title='bbox 279 1850 524 1944; x_wconf 88' lang='lat' dir='ltr'><strong>dulgentialum</strong></span> <span class='ocrx_word' id='word_1_81' title='bbox 558 1852 590 1925; x_wconf 91' lang='lat' dir='ltr'><strong>ei</strong></span> <span class='ocrx_word' id='word_1_82' title='bbox 622 1849 696 1926; x_wconf 88' lang='grc'><strong>833.</strong></span> <span class='ocrx_word' id='word_1_83' title='bbox 722 1851 952 1944; x_wconf 84' lang='lat' dir='ltr'><strong>Reliquiarum</strong></span> <span class='ocrx_word' id='word_1_84' title='bbox 980 1852 1155 1936; x_wconf 86' lang='lat' dir='ltr'><strong>remissis,</strong></span> <span class='ocrx_word' id='word_1_85' title='bbox 1182 1849 1395 1945; x_wconf 84' lang='lat' dir='ltr'><strong>exponebat,</strong></span> <span class='ocrx_word' id='word_1_86' title='bbox 1425 1843 1523 1943; x_wconf 82' lang='lat' dir='ltr'><strong>quod</strong></span> 
     </span>
     <span class='ocr_line' id='line_1_11' title="bbox 277 1945 1524 2058; baseline 0.002 -22"><span class='ocrx_word' id='word_1_87' title='bbox 277 1981 395 2038; x_wconf 85' lang='lat' dir='ltr'><strong>omnes</strong></span> <span class='ocrx_word' id='word_1_88' title='bbox 413 1972 446 2038; x_wconf 93' lang='lat' dir='ltr'><strong>et</strong></span> <span class='ocrx_word' id='word_1_89' title='bbox 462 1945 611 2058; x_wconf 83' lang='lat' dir='ltr'><strong>singulas</strong></span> <span class='ocrx_word' id='word_1_90' title='bbox 628 1960 855 2057; x_wconf 83' lang='lat' dir='ltr'><strong>Indulgentias</strong></span> <span class='ocrx_word' id='word_1_91' title='bbox 881 1966 1046 2058; x_wconf 90' lang='lat' dir='ltr'><strong>ejusmodi</strong></span> <span class='ocrx_word' id='word_1_92' title='bbox 1073 1969 1107 2037; x_wconf 92' lang='lat' dir='ltr'><strong>in</strong></span> <span class='ocrx_word' id='word_1_93' title='bbox 1132 1973 1335 2058; x_wconf 87' lang='lat' dir='ltr'><strong>perpetuum</strong></span> <span class='ocrx_word' id='word_1_94' title='bbox 1360 1967 1524 2058; x_wconf 87' lang='lat' dir='ltr'><strong>respecti·</strong></span> 
     </span>
     <span class='ocr_line' id='line_1_12' title="bbox 277 2076 1523 2162; baseline 0.002 -14"><span class='ocrx_word' id='word_1_95' title='bbox 277 2076 318 2149; x_wconf 82' lang='grc'><strong>13</strong></span> <span class='ocrx_word' id='word_1_96' title='bbox 343 2079 544 2156; x_wconf 83' lang='lat' dir='ltr'><strong>confirmari.</strong></span> <span class='ocrx_word' id='word_1_97' title='bbox 571 2078 625 2150; x_wconf 88' lang='grc'><strong>131</strong></span> <span class='ocrx_word' id='word_1_98' title='bbox 642 2079 850 2162; x_wconf 87' lang='lat' dir='ltr'><strong>commutari,</strong></span> <span class='ocrx_word' id='word_1_99' title='bbox 878 2097 941 2151; x_wconf 89' lang='grc'><strong>333</strong></span> <span class='ocrx_word' id='word_1_100' title='bbox 966 2088 1035 2150; x_wconf 90' lang='grc'><strong>333</strong></span> <span class='ocrx_word' id='word_1_101' title='bbox 1061 2077 1422 2151; x_wconf 80' lang='lat' dir='ltr'><strong>Archiconiraternitati</strong></span> <span class='ocrx_word' id='word_1_102' title='bbox 1439 2077 1523 2151; x_wconf 91' lang='lat' dir='ltr'><strong>Cor·</strong></span> 
     </span>
     <span class='ocr_line' id='line_1_13' title="bbox 278 2188 1523 2282; baseline 0.002 -22"><span class='ocrx_word' id='word_1_103' title='bbox 278 2188 469 2281; x_wconf 81' lang='lat' dir='ltr'><strong>digererem</strong></span> <span class='ocrx_word' id='word_1_104' title='bbox 495 2190 648 2282; x_wconf 89' lang='lat' dir='ltr'><strong>ejusdem</strong></span> <span class='ocrx_word' id='word_1_105' title='bbox 673 2191 708 2263; x_wconf 87' lang='lat' dir='ltr'><strong>S.</strong></span> <span class='ocrx_word' id='word_1_106' title='bbox 735 2190 903 2262; x_wconf 81' lang='lat' dir='ltr'><strong>rranctser</strong></span> <span class='ocrx_word' id='word_1_107' title='bbox 928 2195 1140 2282; x_wconf 88' lang='lat' dir='ltr'><strong>nuncupatae</strong></span> <span class='ocrx_word' id='word_1_108' title='bbox 1166 2190 1209 2263; x_wconf 90' lang='lat' dir='ltr'><strong>de</strong></span> <span class='ocrx_word' id='word_1_109' title='bbox 1234 2190 1362 2262; x_wconf 82' lang='lat' dir='ltr'><strong>Assisio</strong></span> <span class='ocrx_word' id='word_1_110' title='bbox 1379 2207 1523 2262; x_wconf 89' lang='lat' dir='ltr'><strong>conoes-</strong></span> 
     </span>
     <span class='ocr_line' id='line_1_14' title="bbox 276 2301 1523 2393; baseline 0.002 -21"><span class='ocrx_word' id='word_1_111' title='bbox 276 2319 342 2384; x_wconf 87' lang='grc'><strong>333,</strong></span> <span class='ocrx_word' id='word_1_112' title='bbox 369 2301 432 2374; x_wconf 86' lang='grc'><strong>31131</strong></span> <span class='ocrx_word' id='word_1_113' title='bbox 459 2302 606 2384; x_wconf 83' lang='grc'><strong>33133311,</strong></span> <span class='ocrx_word' id='word_1_114' title='bbox 625 2302 886 2393; x_wconf 84' lang='lat' dir='ltr'><strong>velexinlegro</strong></span> <span class='ocrx_word' id='word_1_115' title='bbox 913 2301 1066 2382; x_wconf 90' lang='lat' dir='ltr'><strong>concedi,</strong></span> <span class='ocrx_word' id='word_1_116' title='bbox 1094 2319 1171 2374; x_wconf 94' lang='lat' dir='ltr'><strong>cum</strong></span> <span class='ocrx_word' id='word_1_117' title='bbox 1197 2301 1351 2374; x_wconf 85' lang='lat' dir='ltr'><strong>laenitate</strong></span> <span class='ocrx_word' id='word_1_118' title='bbox 1376 2303 1523 2374; x_wconf 83' lang='lat' dir='ltr'><strong>coeteris</strong></span> 
     </span>
     <span class='ocr_line' id='line_1_15' title="bbox 277 2401 1524 2505; baseline 0.001 -20"><span class='ocrx_word' id='word_1_119' title='bbox 277 2401 608 2487; x_wconf 80' lang='lat' dir='ltr'><strong>confraternitatum</strong></span> <span class='ocrx_word' id='word_1_120' title='bbox 634 2413 699 2486; x_wconf 87' lang='grc'><strong>3313</strong></span> <span class='ocrx_word' id='word_1_121' title='bbox 724 2415 798 2486; x_wconf 84' lang='lat' dir='ltr'><strong>Suc.</strong></span> <span class='ocrx_word' id='word_1_122' title='bbox 817 2413 1028 2505; x_wconf 78' lang='lat' dir='ltr'><strong>stigmatum,</strong></span> <span class='ocrx_word' id='word_1_123' title='bbox 1054 2424 1115 2486; x_wconf 90' lang='lat' dir='ltr'><strong>seu</strong></span> <span class='ocrx_word' id='word_1_124' title='bbox 1142 2410 1204 2486; x_wconf 89' lang='lat' dir='ltr'><strong>aila</strong></span> <span class='ocrx_word' id='word_1_125' title='bbox 1230 2422 1444 2505; x_wconf 75' lang='lat' dir='ltr'><strong>utracumque</strong></span> <span class='ocrx_word' id='word_1_126' title='bbox 1462 2414 1524 2487; x_wconf 90' lang='lat' dir='ltr'><strong>de-</strong></span> 
     </span>
     <span class='ocr_line' id='line_1_16' title="bbox 277 2525 1525 2618; baseline 0.002 -20"><span class='ocrx_word' id='word_1_127' title='bbox 277 2527 504 2598; x_wconf 91' lang='lat' dir='ltr'><strong>nominatione</strong></span> <span class='ocrx_word' id='word_1_128' title='bbox 537 2526 689 2618; x_wconf 86' lang='lat' dir='ltr'><strong>ejusdem</strong></span> <span class='ocrx_word' id='word_1_129' title='bbox 723 2527 756 2597; x_wconf 90' lang='lat' dir='ltr'><strong>S.</strong></span> <span class='ocrx_word' id='word_1_130' title='bbox 785 2525 952 2597; x_wconf 87' lang='lat' dir='ltr'><strong>Francisci</strong></span> <span class='ocrx_word' id='word_1_131' title='bbox 987 2526 1525 2617; x_wconf 75' lang='grc'><strong>3331313333333331333131333</strong></span> 
     </span>
     <span class='ocr_line' id='line_1_17' title="bbox 277 2631 1525 2730; baseline -0.001 -20"><span class='ocrx_word' id='word_1_132' title='bbox 277 2634 440 2710; x_wconf 90' lang='lat' dir='ltr'><strong>terlarum</strong></span> <span class='ocrx_word' id='word_1_133' title='bbox 467 2637 665 2711; x_wconf 87' lang='grc'><strong>3333113131</strong></span> <span class='ocrx_word' id='word_1_134' title='bbox 694 2637 728 2708; x_wconf 89' lang='lat' dir='ltr'><strong>in</strong></span> <span class='ocrx_word' id='word_1_135' title='bbox 761 2644 935 2730; x_wconf 87' lang='lat' dir='ltr'><strong>posterum</strong></span> <span class='ocrx_word' id='word_1_136' title='bbox 961 2631 1129 2728; x_wconf 83' lang='lat' dir='ltr'><strong>erigendis</strong></span> <span class='ocrx_word' id='word_1_137' title='bbox 1155 2633 1263 2708; x_wconf 87' lang='lat' dir='ltr'><strong>eidem</strong></span> <span class='ocrx_word' id='word_1_138' title='bbox 1291 2632 1525 2709; x_wconf 80' lang='lat' dir='ltr'><strong>Arohleonlra-</strong></span> 
     </span>
     <span class='ocr_line' id='line_1_18' title="bbox 277 2744 1525 2841; baseline 0 -20"><span class='ocrx_word' id='word_1_139' title='bbox 277 2747 421 2822; x_wconf 84' lang='lat' dir='ltr'><strong>td&#39;rnliall</strong></span> <span class='ocrx_word' id='word_1_140' title='bbox 445 2750 591 2841; x_wconf 88' lang='lat' dir='ltr'><strong>legitime</strong></span> <span class='ocrx_word' id='word_1_141' title='bbox 615 2751 684 2841; x_wconf 75' lang='lat' dir='ltr'><strong>ianr</strong></span> <span class='ocrx_word' id='word_1_142' title='bbox 710 2747 895 2840; x_wconf 87' lang='lat' dir='ltr'><strong>aggregatis</strong></span> <span class='ocrx_word' id='word_1_143' title='bbox 913 2747 1017 2820; x_wconf 90' lang='grc'><strong>13113</strong></span> <span class='ocrx_word' id='word_1_144' title='bbox 1034 2748 1183 2820; x_wconf 77' lang='lat' dir='ltr'><strong>turturum</strong></span> <span class='ocrx_word' id='word_1_145' title='bbox 1202 2744 1420 2839; x_wconf 72' lang='lat' dir='ltr'><strong>aggregandi,</strong></span> <span class='ocrx_word' id='word_1_146' title='bbox 1446 2748 1525 2822; x_wconf 89' lang='lat' dir='ltr'><strong>illas</strong></span> 
     </span>
     <span class='ocr_line' id='line_1_19' title="bbox 277 2853 1524 2954; baseline -0.002 -20"><span class='ocrx_word' id='word_1_147' title='bbox 277 2863 546 2934; x_wconf 84' lang='lat' dir='ltr'><strong>communicandi</strong></span> <span class='ocrx_word' id='word_1_148' title='bbox 573 2865 791 2954; x_wconf 87' lang='lat' dir='ltr'><strong>summopere</strong></span> <span class='ocrx_word' id='word_1_149' title='bbox 817 2857 1019 2932; x_wconf 87' lang='lat' dir='ltr'><strong>desiderent.</strong></span> <span class='ocrx_word' id='word_1_150' title='bbox 1047 2859 1126 2931; x_wconf 87' lang='grc'><strong>13133</strong></span> <span class='ocrx_word' id='word_1_151' title='bbox 1143 2853 1205 2932; x_wconf 89' lang='grc'><strong>3113</strong></span> <span class='ocrx_word' id='word_1_152' title='bbox 1223 2861 1420 2932; x_wconf 82' lang='lat' dir='ltr'><strong>examinatis</strong></span> <span class='ocrx_word' id='word_1_153' title='bbox 1438 2879 1524 2932; x_wconf 84' lang='lat' dir='ltr'><strong>exa-</strong></span> 
     </span>
     <span class='ocr_line' id='line_1_20' title="bbox 277 2969 1525 3065; baseline 0.002 -20"><span class='ocrx_word' id='word_1_154' title='bbox 277 2973 455 3060; x_wconf 90' lang='lat' dir='ltr'><strong>minandis,</strong></span> <span class='ocrx_word' id='word_1_155' title='bbox 474 2993 512 3047; x_wconf 91' lang='lat' dir='ltr'><strong>ac</strong></span> <span class='ocrx_word' id='word_1_156' title='bbox 529 2972 669 3048; x_wconf 87' lang='lat' dir='ltr'><strong>serratis</strong></span> <span class='ocrx_word' id='word_1_157' title='bbox 687 2973 730 3046; x_wconf 91' lang='lat' dir='ltr'><strong>de</strong></span> <span class='ocrx_word' id='word_1_158' title='bbox 748 2975 835 3065; x_wconf 85' lang='lat' dir='ltr'><strong>stylo</strong></span> <span class='ocrx_word' id='word_1_159' title='bbox 861 2969 1035 3045; x_wconf 78' lang='lat' dir='ltr'><strong>servandis</strong></span> <span class='ocrx_word' id='word_1_160' title='bbox 1056 2973 1222 3045; x_wconf 84' lang='lat' dir='ltr'><strong>referente</strong></span> <span class='ocrx_word' id='word_1_161' title='bbox 1248 2990 1302 3045; x_wconf 93' lang='lat' dir='ltr'><strong>me</strong></span> <span class='ocrx_word' id='word_1_162' title='bbox 1328 2973 1525 3065; x_wconf 85' lang='lat' dir='ltr'><strong>subscripto</strong></span> 
     </span>
     <span class='ocr_line' id='line_1_21' title="bbox 279 3080 1526 3177; baseline 0.002 -19"><span class='ocrx_word' id='word_1_163' title='bbox 279 3085 431 3177; x_wconf 73' lang='lat' dir='ltr'><strong>‘eiusdem</strong></span> <span class='ocrx_word' id='word_1_164' title='bbox 457 3089 531 3160; x_wconf 87' lang='grc'><strong>833.</strong></span> <span class='ocrx_word' id='word_1_165' title='bbox 558 3080 832 3177; x_wconf 68' lang='lat' dir='ltr'><strong>congregationis</strong></span> <span class='ocrx_word' id='word_1_166' title='bbox 866 3085 1070 3168; x_wconf 85' lang='grc'><strong>8333313313,</strong></span> <span class='ocrx_word' id='word_1_167' title='bbox 1101 3082 1160 3157; x_wconf 90' lang='grc'><strong>88.</strong></span> <span class='ocrx_word' id='word_1_168' title='bbox 1187 3087 1226 3157; x_wconf 83' lang='lat' dir='ltr'><strong>ll.</strong></span> <span class='ocrx_word' id='word_1_169' title='bbox 1253 3083 1292 3158; x_wconf 91' lang='lat' dir='ltr'><strong>N.</strong></span> <span class='ocrx_word' id='word_1_170' title='bbox 1319 3083 1526 3160; x_wconf 87' lang='lat' dir='ltr'><strong>Benedioius</strong></span> 
     </span>
     <span class='ocr_line' id='line_1_22' title="bbox 277 3185 1527 3290; baseline 0.001 -19"><span class='ocrx_word' id='word_1_171' title='bbox 277 3191 339 3271; x_wconf 80' lang='lat' dir='ltr'><strong>rr.</strong></span> <span class='ocrx_word' id='word_1_172' title='bbox 367 3193 442 3272; x_wconf 83' lang='lat' dir='ltr'><strong>triv</strong></span> <span class='ocrx_word' id='word_1_173' title='bbox 469 3199 621 3272; x_wconf 89' lang='lat' dir='ltr'><strong>eamdem</strong></span> <span class='ocrx_word' id='word_1_174' title='bbox 648 3185 1064 3281; x_wconf 69' lang='lat' dir='ltr'><strong>Archiconlraternitalem</strong></span> <span class='ocrx_word' id='word_1_175' title='bbox 1091 3206 1207 3290; x_wconf 88' lang='lat' dir='ltr'><strong>utpote</strong></span> <span class='ocrx_word' id='word_1_176' title='bbox 1234 3193 1435 3289; x_wconf 83' lang='lat' dir='ltr'><strong>quotidianis</strong></span> <span class='ocrx_word' id='word_1_177' title='bbox 1449 3197 1527 3272; x_wconf 86' lang='lat' dir='ltr'><strong>lere</strong></span> 
     </span>
     <span class='ocr_line' id='line_1_23' title="bbox 278 3305 1520 3402; baseline 0 -19"><span class='ocrx_word' id='word_1_178' title='bbox 278 3305 395 3384; x_wconf 88' lang='lat' dir='ltr'><strong>oilluils</strong></span> <span class='ocrx_word' id='word_1_179' title='bbox 422 3308 587 3385; x_wconf 87' lang='lat' dir='ltr'><strong>ciraritatis</strong></span> <span class='ocrx_word' id='word_1_180' title='bbox 614 3307 760 3383; x_wconf 89' lang='lat' dir='ltr'><strong>deditam</strong></span> <span class='ocrx_word' id='word_1_181' title='bbox 786 3306 988 3402; x_wconf 88' lang='lat' dir='ltr'><strong>specialibus</strong></span> <span class='ocrx_word' id='word_1_182' title='bbox 1014 3311 1183 3383; x_wconf 85' lang='grc'><strong>1313111333</strong></span> <span class='ocrx_word' id='word_1_183' title='bbox 1210 3311 1370 3402; x_wconf 86' lang='lat' dir='ltr'><strong>prosequi</strong></span> <span class='ocrx_word' id='word_1_184' title='bbox 1387 3306 1520 3396; x_wconf 87' lang='grc'><strong>131333,</strong></span> 
     </span>
     <span class='ocr_line' id='line_1_24' title="bbox 278 3416 1526 3514; baseline 0.002 -19"><span class='ocrx_word' id='word_1_185' title='bbox 278 3423 481 3508; x_wconf 78' lang='lat' dir='ltr'><strong>revocando,</strong></span> <span class='ocrx_word' id='word_1_186' title='bbox 509 3419 745 3496; x_wconf 86' lang='lat' dir='ltr'><strong>commutando</strong></span> <span class='ocrx_word' id='word_1_187' title='bbox 771 3416 1000 3508; x_wconf 80' lang='lat' dir='ltr'><strong>extendendo,</strong></span> <span class='ocrx_word' id='word_1_188' title='bbox 1028 3423 1081 3496; x_wconf 89' lang='lat' dir='ltr'><strong>vel</strong></span> <span class='ocrx_word' id='word_1_189' title='bbox 1108 3441 1151 3496; x_wconf 81' lang='lat' dir='ltr'><strong>cr</strong></span> <span class='ocrx_word' id='word_1_190' title='bbox 1178 3423 1306 3512; x_wconf 91' lang='lat' dir='ltr'><strong>integro</strong></span> <span class='ocrx_word' id='word_1_191' title='bbox 1332 3423 1526 3514; x_wconf 74' lang='lat' dir='ltr'><strong>respective</strong></span> 
     </span>
     <span class='ocr_line' id='line_1_25' title="bbox 277 3527 1525 3627; baseline 0 -19"><span class='ocrx_word' id='word_1_192' title='bbox 277 3531 505 3620; x_wconf 81' lang='lat' dir='ltr'><strong>coneedendo,</strong></span> <span class='ocrx_word' id='word_1_193' title='bbox 533 3533 688 3606; x_wconf 91' lang='lat' dir='ltr'><strong>omnibus</strong></span> <span class='ocrx_word' id='word_1_194' title='bbox 707 3541 739 3606; x_wconf 90' lang='grc'><strong>31</strong></span> <span class='ocrx_word' id='word_1_195' title='bbox 756 3531 896 3625; x_wconf 89' lang='lat' dir='ltr'><strong>singuiis</strong></span> <span class='ocrx_word' id='word_1_196' title='bbox 915 3537 1091 3627; x_wconf 84' lang='lat' dir='ltr'><strong>utriusque</strong></span> <span class='ocrx_word' id='word_1_197' title='bbox 1113 3539 1216 3606; x_wconf 84' lang='lat' dir='ltr'><strong>sexus</strong></span> <span class='ocrx_word' id='word_1_198' title='bbox 1239 3527 1525 3608; x_wconf 85' lang='lat' dir='ltr'><strong>Christiildeiibus</strong></span> 
     </span>
     <span class='ocr_line' id='line_1_26' title="bbox 279 3641 1523 3739; baseline 0 -19"><span class='ocrx_word' id='word_1_199' title='bbox 279 3650 338 3739; x_wconf 72' lang='lat' dir='ltr'><strong>dul</strong></span> <span class='ocrx_word' id='word_1_200' title='bbox 364 3643 485 3720; x_wconf 85' lang='lat' dir='ltr'><strong>dictam</strong></span> <span class='ocrx_word' id='word_1_201' title='bbox 510 3641 912 3720; x_wconf 81' lang='lat' dir='ltr'><strong>irreiriconlraternitate‘rn</strong></span> <span class='ocrx_word' id='word_1_202' title='bbox 931 3645 1159 3739; x_wconf 84' lang='lat' dir='ltr'><strong>ingredientur</strong></span> <span class='ocrx_word' id='word_1_203' title='bbox 1184 3643 1239 3718; x_wconf 91' lang='lat' dir='ltr'><strong>die</strong></span> <span class='ocrx_word' id='word_1_204' title='bbox 1263 3647 1373 3738; x_wconf 89' lang='lat' dir='ltr'><strong>primo</strong></span> <span class='ocrx_word' id='word_1_205' title='bbox 1399 3650 1523 3720; x_wconf 88' lang='lat' dir='ltr'><strong>eniunl</strong></span> 
     </span>
     <span class='ocr_line' id='line_1_27' title="bbox 280 3753 1526 3852; baseline -0.002 -19"><span class='ocrx_word' id='word_1_206' title='bbox 280 3763 452 3852; x_wconf 80' lang='lat' dir='ltr'><strong>ingressus</strong></span> <span class='ocrx_word' id='word_1_207' title='bbox 469 3760 499 3831; x_wconf 91' lang='lat' dir='ltr'><strong>si</strong></span> <span class='ocrx_word' id='word_1_208' title='bbox 517 3774 595 3831; x_wconf 84' lang='lat' dir='ltr'><strong>rere</strong></span> <span class='ocrx_word' id='word_1_209' title='bbox 616 3759 825 3852; x_wconf 87' lang='lat' dir='ltr'><strong>poenitentes</strong></span> <span class='ocrx_word' id='word_1_210' title='bbox 851 3753 884 3832; x_wconf 88' lang='grc'><strong>31</strong></span> <span class='ocrx_word' id='word_1_211' title='bbox 909 3759 1061 3831; x_wconf 81' lang='lat' dir='ltr'><strong>Confessi</strong></span> <span class='ocrx_word' id='word_1_212' title='bbox 1087 3765 1120 3831; x_wconf 91' lang='lat' dir='ltr'><strong>et</strong></span> <span class='ocrx_word' id='word_1_213' title='bbox 1145 3759 1179 3831; x_wconf 87' lang='lat' dir='ltr'><strong>S.</strong></span> <span class='ocrx_word' id='word_1_214' title='bbox 1206 3753 1452 3832; x_wconf 74' lang='lat' dir='ltr'><strong>communione</strong></span> <span class='ocrx_word' id='word_1_215' title='bbox 1469 3764 1526 3832; x_wconf 87' lang='lat' dir='ltr'><strong>te-</strong></span> 
     </span>
     <span class='ocr_line' id='line_1_28' title="bbox 280 3861 1528 3961; baseline -0.002 -15"><span class='ocrx_word' id='word_1_216' title='bbox 280 3873 355 3946; x_wconf 81' lang='lat' dir='ltr'><strong>ilit&#39;ti</strong></span> <span class='ocrx_word' id='word_1_217' title='bbox 388 3871 512 3945; x_wconf 90' lang='lat' dir='ltr'><strong>inerint</strong></span> <span class='ocrx_word' id='word_1_218' title='bbox 541 3861 750 3960; x_wconf 62' lang='lat' dir='ltr'><strong>plenariam</strong></span> <span class='ocrx_word' id='word_1_219' title='bbox 784 3877 822 3942; x_wconf 88' lang='grc'><strong>33</strong></span> <span class='ocrx_word' id='word_1_220' title='bbox 853 3865 934 3961; x_wconf 82' lang='lat' dir='ltr'><strong>ipsis</strong></span> <span class='ocrx_word' id='word_1_221' title='bbox 960 3865 1190 3943; x_wconf 80' lang='lat' dir='ltr'><strong>Contratrilaus</strong></span> <span class='ocrx_word' id='word_1_222' title='bbox 1217 3876 1250 3943; x_wconf 91' lang='lat' dir='ltr'><strong>et</strong></span> <span class='ocrx_word' id='word_1_223' title='bbox 1275 3865 1528 3944; x_wconf 77' lang='lat' dir='ltr'><strong>consororibus</strong></span> 
     </span>
     <span class='ocr_line' id='line_1_29' title="bbox 281 3975 1526 4075; baseline -0.002 -19"><span class='ocrx_word' id='word_1_224' title='bbox 281 3986 316 4056; x_wconf 94' lang='lat' dir='ltr'><strong>in</strong></span> <span class='ocrx_word' id='word_1_225' title='bbox 341 3981 708 4056; x_wconf 77' lang='lat' dir='ltr'><strong>diciliconlraternitate</strong></span> <span class='ocrx_word' id='word_1_226' title='bbox 734 3977 910 4075; x_wconf 77' lang='lat' dir='ltr'><strong>eiusmodi,</strong></span> <span class='ocrx_word' id='word_1_227' title='bbox 936 3989 1004 4054; x_wconf 87' lang='lat' dir='ltr'><strong>tam</strong></span> <span class='ocrx_word' id='word_1_228' title='bbox 1022 4001 1083 4074; x_wconf 92' lang='lat' dir='ltr'><strong>pro</strong></span> <span class='ocrx_word' id='word_1_229' title='bbox 1102 3986 1252 4074; x_wconf 87' lang='lat' dir='ltr'><strong>tempore</strong></span> <span class='ocrx_word' id='word_1_230' title='bbox 1278 3975 1526 4066; x_wconf 71' lang='lat' dir='ltr'><strong>describendis</strong></span> 
     </span>
     <span class='ocr_line' id='line_1_30' title="bbox 281 4093 1529 4187; baseline 0.002 -21"><span class='ocrx_word' id='word_1_231' title='bbox 281 4095 476 4187; x_wconf 74' lang='grc'><strong>3111331333</strong></span> <span class='ocrx_word' id='word_1_232' title='bbox 502 4093 676 4186; x_wconf 85' lang='lat' dir='ltr'><strong>descriptis</strong></span> <span class='ocrx_word' id='word_1_233' title='bbox 702 4093 736 4166; x_wconf 95' lang='lat' dir='ltr'><strong>ln</strong></span> <span class='ocrx_word' id='word_1_234' title='bbox 762 4093 909 4185; x_wconf 75' lang='grc'><strong>33133113</strong></span> <span class='ocrx_word' id='word_1_235' title='bbox 935 4111 1053 4166; x_wconf 90' lang='lat' dir='ltr'><strong>eorum</strong></span> <span class='ocrx_word' id='word_1_236' title='bbox 1080 4094 1196 4166; x_wconf 90' lang='lat' dir='ltr'><strong>mortis</strong></span> <span class='ocrx_word' id='word_1_237' title='bbox 1227 4093 1379 4180; x_wconf 79' lang='lat' dir='ltr'><strong>articulo,</strong></span> <span class='ocrx_word' id='word_1_238' title='bbox 1406 4096 1529 4184; x_wconf 80' lang='lat' dir='ltr'><strong>quale-</strong></span> 
     </span>
     <span class='ocr_line' id='line_1_31' title="bbox 282 4203 1527 4299; baseline 0.001 -21"><span class='ocrx_word' id='word_1_239' title='bbox 282 4209 348 4278; x_wconf 84' lang='grc'><strong>333</strong></span> <span class='ocrx_word' id='word_1_240' title='bbox 375 4211 453 4279; x_wconf 86' lang='grc'><strong>1313</strong></span> <span class='ocrx_word' id='word_1_241' title='bbox 479 4203 688 4299; x_wconf 85' lang='lat' dir='ltr'><strong>poenitentes</strong></span> <span class='ocrx_word' id='word_1_242' title='bbox 714 4212 747 4278; x_wconf 92' lang='grc'><strong>31</strong></span> <span class='ocrx_word' id='word_1_243' title='bbox 772 4203 916 4277; x_wconf 81' lang='lat' dir='ltr'><strong>confessi</strong></span> <span class='ocrx_word' id='word_1_244' title='bbox 942 4207 1000 4278; x_wconf 90' lang='grc'><strong>88.</strong></span> <span class='ocrx_word' id='word_1_245' title='bbox 1019 4204 1246 4279; x_wconf 81' lang='lat' dir='ltr'><strong>Eucharistiae</strong></span> <span class='ocrx_word' id='word_1_246' title='bbox 1266 4205 1527 4281; x_wconf 88' lang='lat' dir='ltr'><strong>Sacramentum</strong></span> 
     </span>
     <span class='ocr_line' id='line_1_32' title="bbox 283 4313 1526 4413; baseline 0.001 -21"><span class='ocrx_word' id='word_1_247' title='bbox 283 4319 499 4413; x_wconf 86' lang='lat' dir='ltr'><strong>sumpserint,</strong></span> <span class='ocrx_word' id='word_1_248' title='bbox 527 4317 579 4392; x_wconf 90' lang='grc'><strong>131</strong></span> <span class='ocrx_word' id='word_1_249' title='bbox 605 4317 634 4391; x_wconf 89' lang='grc'><strong>31</strong></span> <span class='ocrx_word' id='word_1_250' title='bbox 659 4315 694 4392; x_wconf 90' lang='grc'><strong>131</strong></span> <span class='ocrx_word' id='word_1_251' title='bbox 719 4315 827 4392; x_wconf 90' lang='lat' dir='ltr'><strong>iacere</strong></span> <span class='ocrx_word' id='word_1_252' title='bbox 852 4318 1075 4413; x_wconf 76' lang='lat' dir='ltr'><strong>nequiuerint,</strong></span> <span class='ocrx_word' id='word_1_253' title='bbox 1102 4317 1219 4395; x_wconf 87' lang='lat' dir='ltr'><strong>saltem</strong></span> <span class='ocrx_word' id='word_1_254' title='bbox 1245 4313 1377 4393; x_wconf 85' lang='lat' dir='ltr'><strong>contriti</strong></span> <span class='ocrx_word' id='word_1_255' title='bbox 1394 4335 1526 4393; x_wconf 89' lang='lat' dir='ltr'><strong>nomen</strong></span> 
     </span>
    </p>
   </div>
   <div class='ocr_carea' id='block_1_3' title="bbox 0 0 1622 4928">
    <p class='ocr_par' dir='ltr' id='par_1_3' title="bbox 0 0 1622 4928">
     <span class='ocr_line' id='line_1_33' title="bbox 0 0 1622 4928; baseline 0 0"><span class='ocrx_word' id='word_1_256' title='bbox 0 0 1622 4928; x_wconf 95' lang='lat' dir='ltr'><strong> </strong></span> 
     </span>
    </p>
   </div>
  </div>
 </body>
</html>
