3130 4920
791 397 836 410 -
865 363 934 430 cea
963 396 1010 412 -
1048 361 1051 368 ’

285 501 484 578 Benedictus
510 501 584 573 XIV
602 507 635 573 et
651 501 730 574 Pius
746 500 801 572 vt.
820 501 861 572 Ut
877 505 988 573 autem
1015 499 1174 574 memoria
1190 500 1291 594 buius
1308 501 1509 576 Sacramenti

285 614 498 689 iustitutionis
512 633 574 706 pro
587 615 686 688 tantis
703 613 876 687 benefieiis
894 613 1041 686 humano
1058 614 1179 686 Generi
1193 633 1212 685 a
1225 613 1358 688 Christo
1371 615 1510 688 Domino

140 715 148 732 ’
285 728 410 800 collatis
432 727 554 819 jugiter
579 728 753 810 recolatur,
780 733 813 798 et
831 733 902 799 uta
926 726 1204 800 Clrristlti'delibus
1221 727 1436 820 Redempton’
1454 729 1512 800 No

285 848 354 915 stro
379 838 440 933 p'ro
465 840 564 912 tantis
590 839 686 912 donis
704 837 835 912 debitae
852 839 1030 930 gratiarum
1056 839 1202 912 actiones
1228 841 1404 914 exsolvere
1420 859 1512 913 num-

285 971 388 1047 quam
413 959 574 1037 cessetur,
600 952 836 1024 Sanctissimae
853 951 1015 1024 Dominus
1032 951 1150 1026 Noster
1167 953 1245 1026 Pius
1267 954 1329 1026 PP.
1346 953 1407 1027 llll
1423 971 1513 1046 prae

286 1074 337 1140 ter
349 1065 585 1157 indulgentias,
599 1065 664 1136 sub
681 1064 735 1136 die
754 1069 801 1134 30
816 1064 904 1136 lunii
926 1068 1018 1136 1818
1035 1082 1097 1156 pro
1113 1065 1339 1138 Eucharistiae
1356 1065 1513 1138 lincomio

285 1180 373 1254 «Sic
399 1177 517 1253 todoto
543 1197 560 1249 e
584 1177 799 1269 mnprnziotc
826 1178 908 1268 cpni
923 1182 1092 1250 moerente
1118 1178 1145 1252 il
1172 1179 1372 1251 doctissimo
1389 1197 1408 1250 e
1426 1180 1513 1250 mct-

284 1291 422 1366 rtissimc
450 1291 716 1381 depromente»
741 1306 928 1372 concessas,
957 1288 1193 1362 nonnullorum
1218 1289 1464 1382 Episcopornm
1480 1309 1514 1362 ac

284 1404 369 1478 Ven.
395 1401 530 1493 Collegii
556 1401 783 1474 Perusinorum
812 1401 909 1474 Urbis
935 1401 1043 1473 enixis
1068 1402 1223 1493 precibus
1252 1402 1401 1494 benigne
1426 1403 1512 1475 incli-

285 1522 402 1590 natus:
418 1513 574 1586 omnibus
592 1513 767 1604 utriusque
784 1531 888 1586 sexus
905 1513 1192 1597 christifidelibus,
1207 1515 1265 1605 qui
1283 1514 1383 1586 corde
1401 1516 1513 1588 saltem

285 1629 437 1711 contrito,
463 1645 501 1699 ac
526 1626 646 1699 devote
671 1627 841 1718 llymnum
869 1629 986 1718 Pence
1012 1627 1132 1718 tiapuo
1158 1645 1235 1699 cum
1264 1645 1328 1700 suo
1353 1629 1513 1702 versiculo

285 1748 319 1816 et
331 1741 480 1814 oratione
497 1739 715 1821 recitaverint,
731 1738 973 1830 indulgentiam
991 1745 1176 1812 tercentum
1194 1739 1343 1828 dierum;
1361 1742 1513 1832 quirem

289 1854 436 1928 Tectum
460 1853 552 1942 erpo
579 1849 790 1922 solummodo
808 1869 885 1922 cum
903 1869 965 1923 suo
990 1851 1154 1923 versiculo
1179 1851 1302 1943 pariter
1319 1859 1353 1924 et
1369 1853 1514 1927 oratione

285 1963 483 2059 protulerint
507 1961 750 2053 Indulgentiam
780 1969 914 2036 centum
941 1961 1069 2035 dierum
1096 1964 1199 2036 semel
1226 1963 1260 2034 in
1286 1964 1437 2055 qualibet
1466 1965 1513 2038 die

283 2077 329 2152 ab
354 2093 560 2168 unoquoque
588 2075 780 2148 lucrandam
806 2076 951 2166 benigne
976 2075 1150 2148 concessit.
1177 2075 1220 2148 lis
1246 2093 1326 2148 vero
1356 2075 1514 2150 christili-

279 2189 428 2274 delibus,
454 2189 513 2280 qui
539 2188 730 2279 frequenter
747 2188 799 2260 vel
823 2187 939 2261 saltem
966 2186 1078 2260 decies
1095 2207 1155 2280 per
1171 2205 1324 2262 mensem
1341 2208 1451 2262 unum
1467 2189 1514 2260 vel

286 2302 426 2376 alterum
451 2300 545 2394 pium
563 2301 757 2373 exercitium
784 2300 983 2392 peregerint,
1002 2299 1243 2392 indulgentiam
1265 2301 1453 2373 Plenariam
1469 2319 1514 2372 se

285 2414 353 2488 mel
377 2414 411 2486 in
438 2429 537 2497 anno,
563 2411 618 2485 dle
643 2412 945 2504 unicujuscumque
970 2410 1104 2484 arbitrio
1129 2411 1292 2503 eligenda,
1319 2418 1353 2485 et
1378 2413 1411 2484 in
1436 2413 1513 2486 lesto

285 2524 442 2618 Corporis
467 2524 589 2598 Christi
614 2525 666 2596 vel
692 2525 725 2596 in
752 2525 825 2615 ejus
850 2524 973 2597 Octava
998 2523 1103 2597 semel
1128 2529 1241 2598 emen
1266 2524 1374 2616 spatio
1391 2525 1512 2618 praete

285 2645 396 2712 torum
422 2636 553 2710 dierum
578 2635 781 2720 lucrandam,
799 2655 863 2708 nec
879 2655 948 2710 non
973 2637 1008 2708 in
1024 2637 1118 2709 Faria
1143 2637 1172 2710 V
1193 2637 1227 2709 io
1245 2636 1356 2711 Coena
1373 2637 1511 2720 Domini,

286 2747 470 2824 dummodo
497 2764 575 2820 vere
606 2749 816 2840 poenitentes
841 2749 985 2822 eontessi
1011 2767 1049 2821 ac
1074 2749 1109 2820 S.
1135 2748 1381 2822 communione
1406 2748 1513 2824 relecti

285 2859 417 2943 luerint,
444 2865 478 2933 et
503 2859 645 2950 aliquam
672 2860 862 2952 pubblicum
888 2861 1069 2932 Ecclesiam
1087 2860 1302 2944 visitaverint,
1326 2861 1444 2953 ibique
1459 2879 1512 2954 per

287 2968 422 3062 aliqmd
446 2972 607 3064 temporis
625 2973 768 3064 epatium
783 2974 877 3066 iuxta
903 2979 1059 3065 mentem
1077 2973 1264 3045 sanctitatis
1281 2973 1369 3046 Suae
1386 2974 1460 3066 pias
1476 2970 1512 3042 ad

284 3084 393 3156 Deum
410 3101 527 3175 preces
545 3082 733 3166 effuderint,
752 3091 963 3177 perementer
988 3084 1144 3175 elargitus
1162 3091 1222 3157 est.
1241 3084 1422 3175 voluitque
1440 3086 1512 3156 San

286 3197 380 3271 etitas
406 3196 473 3268 Sua
503 3195 564 3266 bes
593 3195 817 3288 Indulgentiae
836 3203 901 3268 tam
928 3197 1106 3280 Plenarias‚
1123 3196 1400 3287 quamPartiales
1417 3198 1511 3269 etiam

285 3309 320 3382 in
350 3307 544 3399 suliragium
576 3307 725 3381 fidelium
751 3307 982 3382 detunctorum
1016 3309 1244 3402 applicabiles,
1275 3316 1309 3382 et
1346 3308 1509 3402 perpetuis

286 3419 404 3502 tuturis
429 3419 589 3512 temporis
614 3418 685 3493 lore
710 3421 867 3494 valituras
892 3423 1021 3512 absque
1046 3421 1112 3493 ulla
1136 3420 1251 3492 Brevis
1278 3420 1496 3512 expeditione.

359 3532 480 3604 Datum
504 3532 631 3603 Romae
656 3551 700 3605 ex
725 3533 906 3606 secretaria
933 3535 1005 3605 Sao.
1037 3533 1310 3624 Congregationis
1338 3530 1509 3624 indulgen-

286 3645 405 3720 tiarum
431 3642 486 3718 die
512 3647 558 3716 88
585 3644 725 3736 angusti
754 3649 859 3718 1818.

736 3759 804 3830 Pro
831 3757 870 3829 n.
897 3760 935 3830 Ρ.
963 3761 1005 3830 D.
1032 3758 1161 3849 tapeto
1190 3757 1366 3849 Costoputi
1393 3758 1507 3830 Secret

810 3871 930 3944 Petrus
958 3872 1041 3944 Coo.
1072 3871 1224 3944 lbrroco
1251 3869 1463 3944 substitutus.

852 4067 939 4142 CDX

359 4201 405 4274 le
430 4201 557 4274 sandrat
581 4201 614 4275 di
639 4203 760 4277 Nostro
783 4205 923 4296 signore
940 4206 998 4278 Pio
1015 4207 1102 4298 Papa
1128 4205 1185 4278 vlt
1210 4203 1440 4279 nctt’ttdtama
1456 4199 1505 4274 del

287 4315 320 4390 di
345 4315 453 4410 primo
478 4314 665 4390 settembre
693 4321 786 4390 1818
811 4320 841 4392 si
866 4318 885 4394 d
911 4318 1052 4410 degusta
1076 4319 1110 4394 di
1135 4318 1320 4394 concedere
1345 4319 1377 4392 tn
1393 4331 1505 4411 perpe
