3130 4920
590 387 635 404 -
663 355 732 422 325
760 387 805 404 -

169 485 214 558 2⁰
235 487 289 560 Aa
314 487 485 562 Ecclesiae
505 488 690 582 praefatae
717 491 751 561 S.
777 488 937 569 dotauit,
965 485 1178 560 iiaiemlurio
1199 487 1316 558 sancit

109 599 273 683 timuisti,
299 619 342 674 uc
367 599 500 674 iiissuli
517 600 702 696 Seruplicu
729 602 781 674 uti
800 601 1005 696 permissam
1026 601 1091 674 siti

166 711 212 786 t.⁰
234 715 290 786 Aa
314 712 447 808 fideles,
475 715 580 788 etiam
607 733 678 790 aaa
707 715 867 790 Tertiorii
897 712 1172 810 praelaudatam
1204 714 1315 786 Eccle-

104 824 177 898 sium
200 823 373 900 woodo
399 825 454 900 die
480 831 502 897 2
527 826 674 920 depasti
689 825 909 920 induigentia
929 827 1173 900 Portiuecoioe
1199 826 1315 918 appel·

103 939 152 1012 iot.
173 939 241 1031 [rui
264 941 397 1032 possiet
420 945 454 1014 et
477 941 641 1016 ualeam?

159 1050 282 1125 Eadem
308 1053 382 1125 Sae.
409 1052 628 1146 congregatio
658 1052 960 1146 indulgentiarum,
995 1051 1115 1125 auditis
1144 1050 1317 1124 Consulto
1422 1057 1447 1100 '·

101 1179 162 1234 mm
184 1163 272 1235 rutis
297 1182 337 1235 ac
361 1182 398 1237 re
422 1170 553 1238 mature
576 1182 744 1258 perpensa
768 1164 812 1240 ati
836 1165 897 1238 iria
922 1163 1199 1258 supraenunciata
1216 1161 1317 1235 dubia

102 1273 362 1366 respondentium
387 1277 527 1350 censuit

160 1386 198 1458 Ei
222 1386 338 1478 quoad
364 1387 550 1472 Primum«
566 1389 639 1463 Non
666 1389 765 1464 licere
790 1406 960 1482 apponere
976 1387 1018 1460 ad
1033 1393 1169 1480 januam
1187 1383 1314 1478 Templi

99 1498 126 1568 S.
148 1498 282 1572 Antonii
307 1501 485 1575 Fauentiae
510 1501 676 1574 Tabeiiam
703 1501 947 1576 describentem
973 1499 1198 1592 Indulgentiae
1223 1499 1258 1570 in
1273 1497 1319 1570 ie

97 1610 147 1684 siis
170 1611 248 1684 Ord.
277 1613 394 1686 Minor.
422 1614 457 1686 S.
483 1613 648 1687 Francisci
673 1643 707 1687 ι.

155 1723 206 1796 lid
230 1724 429 1798 Secundum
455 1753 467 1788 ι
491 1723 698 1798 Affirmative
723 1743 784 1819 pro
810 1724 976 1799 Tertiariis
1002 1723 1184 1809 dumtaxat,
1209 1721 1316 1816 Nega·

95 1833 151 1908 tire
173 1854 256 1910 uero
281 1856 345 1930 pro
370 1837 410 1911 iis
436 1837 496 1930 qui
520 1837 630 1910 Tertio
656 1836 772 1912 Ordini
798 1855 867 1911 non
891 1843 971 1912 sunt
996 1835 1153 1930 adscripti
1177 1865 1212 1908 ι.

155 1947 206 2022 ld
238 1949 389 2024 Tertium
421 1977 434 2013 ι
463 1947 669 2024 Affirmatire
700 1967 762 2043 pro
795 1949 984 2035 tentantis,
1016 1949 1175 2042 Nugatire
1207 1945 1320 2040 quoad

93 2077 198 2134 omnm
222 2060 343 2136 nnete
368 2091 404 2135 ».

156 2173 325 2264 Factaque
350 2173 394 2247 de
419 2173 472 2246 his
498 2174 656 2248 omuibus
682 2193 743 2267 per
759 2192 815 2248 me
831 2173 1076 2266 iuimscriptum
1094 2171 1246 2264 ejusdem
1263 2172 1321 2244 Sa·

94 2301 160 2358 erae
184 2287 461 2378 congregationis
486 2288 707 2362 secretarium
734 2287 951 2360 sanctissimo
971 2285 1113 2358 Domino
1138 2285 1259 2358 Nostro
1283 2284 1317 2354 in

93 2397 262 2474 ludentia
287 2398 354 2474 diei
380 2405 425 2472 iti
451 2399 527 2474 iitaii
558 2403 648 2472 istit
675 2399 845 2484 relatione,
871 2398 1036 2472 Sanctitas
1053 2397 1121 2469 Sua
1138 2395 1244 2490 ipsios
1261 2395 1319 2466 Sa·

93 2525 158 2584 mue
182 2511 459 2610 congregationis
483 2517 599 2585 uotum
623 2511 771 2604 henigne
796 2510 1003 2606 approbarit.

155 2623 279 2700 Datum
306 2624 433 2698 Romae
457 2643 502 2700 ex
526 2624 710 2701 Semetaria
735 2625 809 2698 sac.
840 2621 1113 2716 congregationis
1132 2619 1319 2713 indulgent

760 2739 797 2810 B.
824 2736 927 2810 Ceno.
952 2735 1048 2810 Nino
1074 2735 1196 2808 Pnnur.

728 2849 878 2943 tapetas
906 2847 1083 2941 Costapati
1109 2848 1233 2921 secret.

636 3045 779 3121 anxit.

588 3192 822 3246 inuncata.

156 3299 333 3392 Proposito
359 3297 463 3372 dubio
487 3295 567 3371 huic
591 3301 666 3373 Sac.
693 3296 949 3392 congregationi
981 3291 1264 3386 indulgentiarum
1290 3295 1323 3361 ei

91 3407 158 3484 Suc.
185 3411 421 3504 Reliquiarum
447 3439 459 3474 ι
484 3415 538 3486 Ao
565 3413 737 3486 Sacellum
752 3413 913 3506 Hospitii,
940 3411 1009 3484 siue
1028 3408 1215 3481 Conventus
1239 3403 1322 3474 Min.

93 3521 287 3598 obseruari.
315 3525 376 3596 scit
405 3524 504 3596 titudo
533 3524 567 3597 S.
593 3525 740 3617 Benigai
764 3523 924 3616 Episcopi
950 3528 982 3594 et
997 3516 1201 3613 contessoris
1218 3515 1254 3584 io
1273 3513 1324 3584 Ci-

89 3635 189 3708 m'tute
215 3637 420 3712 Lauretuaa
446 3636 619 3710 eeisteotis
636 3635 858 3728 indulgentia
875 3633 1120 3709 Portiauculae
1137 3629 1322 3718 reurreupot.

90 3743 141 3818 die
163 3747 322 3823 uidelicet
347 3747 497 3822 secunda
522 3751 667 3841 Augusti
692 3754 900 3831 recurrente,
928 3765 1036 3838 oeque
1068 3739 1255 3836 guadeant,
1282 3753 1324 3807 ac

90 3858 226 3952 citaret
251 3861 403 3934 Ecclesia
428 3857 577 3950 ejusdem
606 3859 757 3944 Ordinis,
784 3861 954 3933 eeclesiae
972 3864 1087 3932 tomen
1113 3847 1230 3943 quood
1252 3866 1326 3918 ncre-

92 3967 183 4044 lieres
218 3973 260 4045 od
293 3976 466 4046 rationem
501 3973 759 4046 ataomroer»
805 3969 933 4046 Eadem
973 3971 1072 4041 Sacra
1107 3958 1326 4053 congregatio
1463 4033 1465 4038 ,

91 4079 206 4156 auditis
233 4084 467 4158 Consultorum
493 4085 590 4170 votis,
616 4103 655 4156 ac
678 4103 719 4158 re
744 4089 876 4158 maturo
897 4079 1055 4158 examine
1081 4090 1247 4168 perpensa
1272 4088 1325 4143 re·

91 4193 224 4284 spondit
247 4225 259 4258 ‹
283 4197 450 4288 Negative,
478 4205 511 4271 ct
536 4196 779 4286 consulendum
806 4192 1027 4268 sanctissimo
1053 4205 1116 4282 pro
1141 4183 1245 4278 gratia
1266 4199 1326 4253 en·

92 4306 251 4382 tensionis
274 4308 396 4385 induiti
421 4309 593 4385 exciusira
610 4309 723 4403 quoad
738 4307 896 4382 mulieres
913 4333 950 4376 ι.
967 4301 1053 4376 iiine
1069 4301 1153 4374 iacta
1170 4294 1327 4369 relatione
