3164 4926
793 408 984 472 ...80-

275 550 459 636 nuncupat.
491 548 526 616 ot
554 545 730 636 subjectis,
757 544 935 636 privative,
966 549 1004 614 nt
1027 545 1136 635 ajunt,
1162 543 1206 617 ad
1230 543 1396 636 quoslihet
1424 546 1501 619 alios

275 655 466 729 sacerdotes
487 653 676 729 facultatem
699 655 848 748 erigendi
872 653 908 727 in
933 655 1029 728 Locis
1055 656 1136 729 inihi
1161 658 1331 750 expressis
1356 657 1410 750 pia
1434 658 1502 730 loca

275 769 357 842 Viae
376 768 503 853 Crucis,
521 786 582 841 seu
599 769 739 842 calvarii
756 765 957 860 nuncupatis
982 785 1060 840 cnm
1086 767 1262 861 adeptione
1286 768 1503 861 indulgentia-

273 893 352 954 rntn
382 880 428 955 nd
458 881 563 954 insta
586 881 774 953 stationum
804 880 927 953 litantis
950 879 1089 952 (bivarii
1116 881 1289 954 rancessit.
1316 881 1402 954 Gnrn
1426 897 1503 955 vero

275 995 407 1068 Fratres
431 991 566 1067 Ordinis
590 993 757 1066 Miramur
783 991 936 1084 ejusdem
966 991 1003 1065 S.
1028 993 1194 1066 Franaisol
1219 993 1505 1085 Cappneoinomm

275 1109 457 1198 nnnmpat
482 1105 673 1199 provinciae
699 1107 892 1178 turritanae
916 1104 951 1177 in
974 1104 1126 1177 Sardinia
1143 1107 1178 1208 in
1193 1105 1331 1198 paolllaa
1347 1107 1433 1180 sicut
1448 1127 1505 1182 err-

274 1217 447 1313 ponebant
474 1218 689 1311 possessione
714 1219 813 1291 etiam
846 1235 906 1310 per
937 1219 1162 1291 centenariam
1188 1217 1388 1310 completam
1413 1237 1506 1312 repe·

274 1333 402 1406 riantm
432 1331 580 1406 habendi
606 1332 640 1406 in
666 1331 735 1404 suis
761 1330 988 1404 conventinus
1017 1330 1183 1423 eiusmodi
1211 1331 1268 1404 Pia
1299 1334 1398 1417 Loca,
1422 1350 1507 1424 qnae

275 1443 515 1520 Ghrlsllffieles
539 1443 701 1516 maternus
726 1443 1019 1534 frequentaverint,
1037 1443 1263 1534 indulgentias
1280 1444 1446 1536 ejusmodi
1461 1445 1507 1516 lo·

276 1575 316 1630 aa
339 1558 403 1632 rite
427 1562 538 1630 amia
561 1555 798 1648 peragentibus
824 1571 1002 1627 concessas
1027 1555 1202 1646 acquirere
1216 1555 1413 1631 credentes:
1438 1575 1509 1649 pre

278 1669 374 1744 odas
399 1668 616 1742 sanctissimo
640 1667 783 1740 annino
807 1668 927 1740 Nostro
951 1665 1130 1740 Benedicta
1147 1668 1210 1740 PP.
1229 1669 1305 1742 xlv
1326 1669 1508 1742 humillime

275 1783 438 1876 paneada
452 1781 686 1874 supplicabant
704 1781 813 1874 primo
830 1779 1011 1854 declarari:
1031 1785 1235 1873 pnnpentes
1253 1782 1316 1875 pia
1336 1784 1416 1856 loon
1434 1784 1509 1856 Viae

279 1897 395 1970 (duis
419 1912 525 1986 usqae
550 1893 594 1966 de
618 1911 711 1966 anno
736 1897 829 1965 toto
856 1899 969 1966 erecto
995 1893 1092 1986 apud
1117 1893 1253 1968 eosdem
1265 1897 1408 1970 Fratres
1423 1898 1508 1990 Cap·

272 2007 438 2101 macinas
462 2006 652 2078 nonomen
677 2007 802 2078 Montis
827 2003 1047 2078 lli-llalverde
1072 2011 1257 2100 nuncupat.
1284 2013 1390 2081 entra
1418 2028 1508 2082 ntae·

277 2116 339 2191 nia
364 2118 512 2191 nultum
534 2119 687 2191 Soccerta
706 2119 743 2189 ln
757 2117 924 2190 Sardinia
938 2117 1073 2190 easdem
1089 2117 1327 2211 Indulqentlus
1340 2122 1508 2212 carneqai,

278 2247 365 2323 qvae
393 2229 594 2324 parapanda
621 2229 786 2320 quanti
818 2231 914 2302 Viam
948 2231 1064 2302 Grecis
1089 2251 1113 2302 a
1138 2231 1320 2304 trames
1348 2233 1509 2326 praefato

277 2343 435 2421 namra
471 2343 632 2417 Gonnalt'
663 2345 837 2418 Minorem
863 2343 904 2416 de
932 2343 1157 2416 Obseruantia
1182 2345 1338 2435 mojana
1364 2352 1511 2419 erectam

278 2461 562 2548 assequerentur
578 2460 611 2528 et
631 2461 797 2546 quatenns
828 2475 914 2547 opus
945 2458 989 2528 sit
1018 2475 1062 2528 on
1094 2457 1227 2548 inteqro
1256 2457 1399 2532 concedi
1410 2478 1422 2531 :
1455 2459 1512 2530 Se·

277 2569 407 2643 arndo:
426 2573 466 2642 ut
486 2569 680 2659 hujusmodi
696 2563 887 2642 declaratio
906 2587 965 2640 sen
989 2569 1157 2642 cosensia
1178 2569 1388 2643 ostendatur
1409 2573 1512 2644 etlam

278 2682 328 2756 ad
352 2687 487 2755 matera
514 2679 708 2771 mastradi
729 2683 794 2774 pia
813 2683 907 2752 Loca
926 2681 1004 2753 Viae
1026 2681 1143 2753 Oura
1167 2701 1192 2753 a
1217 2681 1318 2754 dictis
1330 2683 1511 2758 maritus

281 2795 577 2888 mmccctrtorurn
592 2791 735 2868 vocitet
750 2795 829 2884 jona
849 2800 985 2865 erectam
1011 2793 1138 2866 Tertio:
1159 2797 1198 2865 nt
1218 2793 1341 2866 eaden
1364 2797 1513 2889 [acutas

278 2905 444 2998 qmnadl
468 2907 563 2979 Loca
583 2907 649 3000 plo
675 2907 753 2979 Viae
775 2905 891 2979 muco
916 2903 1070 2997 eripendt'
1096 2923 1173 2978 cum
1198 2905 1427 2998 Indulpenttis
1437 2910 1514 2998 jam

278 3019 440 3092 manassis
467 3017 573 3092 mont
598 3017 777 3092 mentm
805 3019 1028 3112 Coppucct'nr's
1053 3020 1321 3091 communicetur
1347 3023 1387 3093 'eo
1413 3020 1514 3094 moda

278 3149 344 3224 qao
368 3131 420 3205 ad
444 3133 585 3206 Fratres
612 3130 751 3206 malta
776 3133 950 3204 lituorum
975 3129 1018 3202 ate
1045 3131 1272 3204 observantia
1297 3133 1514 3226 Reformato-

278 3261 358 3316 rom
383 3245 541 3317 detestas
565 3249 600 3318 et
624 3243 909 3317 membranaue
934 3247 1121 3336 ncmuput.
1147 3245 1208 3316 snt
1233 3241 1290 3316 die
1307 3245 1514 3318 lONoaem-

280 3357 350 3430 tris
371 3362 465 3430 itta
489 3375 554 3450 per
573 3357 776 3449 rescriptum
790 3357 823 3427 S.
837 3357 884 3428 ot.
899 3355 1073 3429 Benedicti
1097 3357 1165 3428 ΡΡ.
1182 3357 1274 3428 ΧΙΙΙ
1282 3359 1513 3451 ematsaliat.

278 3469 405 3542 Eadem
430 3469 592 3541 Sanctitas
618 3469 685 3540 Sna
711 3466 830 3540 audids
848 3467 1021 3540 Ordinario
1037 3469 1212 3540 anritano
1237 3475 1271 3540 et
1295 3470 1515 3543 Pmcaratorc

279 3581 433 3655 Generali
457 3579 595 3673 praelati
620 3579 753 3652 Ordinis
779 3577 822 3653 de
848 3581 1083 3664 Observantia,
1110 3599 1149 3651 ao
1173 3580 1339 3654 referente
1365 3583 1432 3656 sub
1462 3581 1515 3654 die

281 3699 328 3766 28
353 3691 551 3768 Novembris
580 3697 673 3764 tate
699 3709 755 3766 me
780 3693 988 3785 intrascrlpto
1014 3693 1086 3764 Sao.
1113 3692 1389 3784 Congregationis
1407 3693 1516 3768 lndul·

279 3807 399 3900 gentiis
432 3805 609 3897 sacrisque
641 3805 800 3899 lteliqniis
833 3805 1040 3899 praepositae
1066 3805 1260 3889 secretario,
1286 3805 1437 3898 henigne
1463 3822 1513 3877 re·

278 3918 423 4011 spondit.
449 3917 502 3990 dd
526 3918 674 3992 Primnm
703 3920 795 3992 «Pro
812 3917 1063 3992 concessione»
1101 3917 1154 3989 nd
1178 3917 1374 3991 Secundum
1413 3947 1426 3981 ‹
1452 3917 1516 3990 lte·

280 4037 414 4106 currant
438 4031 473 4104 in
498 4049 578 4105 casu
602 4032 788 4127 particulari
813 4060 826 4093 ι
863 4029 915 4101 nd
932 4029 1079 4102 lentium
1117 4057 1129 4091 «
1153 4029 1310 4120 Negatiro
1334 4059 1349 4093 ι

973 4145 1009 4215 L.
1034 4143 1139 4215 (Inna.
1166 4143 1265 4216 Picus
1290 4143 1417 4216 Panna.

894 4259 934 4329 Α.
954 4257 1000 4332 Μ.
1019 4257 1114 4330 Erae
1139 4257 1233 4330 Prot.
1250 4257 1369 4350 apost.
1389 4257 1517 4332 Staret.
