3254 4914
1275 332 1344 400 itti

117 479 222 555 quam
249 462 396 535 maxime
421 458 650 546 excitandam,
677 459 720 534 de
743 460 932 554 Apostolica
963 460 1169 556 benignitate
1200 465 1379 540 nonnullas

117 573 347 667 indulgentias
364 590 403 645 ec
418 572 594 664 Privllegia
618 573 749 665 elargiri
766 573 967 666 dignaretur.
985 575 1195 668 Quapropter
1214 577 1379 652 Sanctitas

117 691 188 762 Sua
205 687 273 760 voti
291 686 397 779 ipsius
413 685 561 760 Oratoris
587 686 753 759 Praesidis
771 687 1029 761 clementissime
1054 690 1230 781 susceptis,
1248 707 1286 764 ea
1304 709 1379 785 pru

116 801 192 896 pria
218 818 320 872 manu
347 798 477 872 remisit
502 797 556 871 die
582 801 628 870 29
655 797 732 871 lulli
754 797 857 892 hujus
882 799 961 886 anni
986 800 1030 872 ad
1053 819 1109 874 me
1133 801 1378 896 infrascriptum

117 914 196 986 San.
214 905 489 1003 Congregationis
506 901 791 1002 indulgentiarum
815 911 1037 988 secretarium
1054 931 1115 1006 pro
1132 921 1319 1007 opportuna
1335 914 1381 990 de

116 1024 175 1098 bis
193 1023 304 1099 eidem
318 1021 536 1096 Sanctissimo
553 1021 712 1097 relatione
728 1021 895 1097 iacienda:
922 1043 989 1116 qua
1013 1025 1164 1100 absoluta
1181 1026 1217 1099 in
1231 1025 1379 1102 Audien-

117 1137 166 1210 tia
192 1135 260 1210 diei
288 1139 332 1207 lb
360 1131 567 1226 Septembris
593 1134 757 1208 cuneolis
781 1135 870 1220 anni,
889 1153 946 1209 ees
963 1155 1082 1211 omnes
1107 1143 1141 1212 et
1164 1138 1313 1232 singulas
1329 1141 1381 1215 ln·

117 1247 312 1341 dulgentias
329 1265 368 1320 ac
384 1245 558 1338 Privilegia
575 1241 853 1340 supraenunciala
869 1245 913 1343 de
929 1248 1096 1323 Ecclesiae
1113 1249 1271 1334 thesauro
1286 1269 1381 1346 prae·
1505 1321 1506 1324 a

117 1353 367 1438 lato'lnstitulo
392 1359 619 1452 dignatusest
644 1359 815 1452 impertiri.
835 1360 924 1448 Quas
941 1361 1079 1453 quidem
1103 1361 1330 1463 indulgentias
1347 1372 1381 1440 et

116 1473 297 1565 Privilegia
321 1472 424 1546 uoluit
440 1471 566 1545 liudem
584 1472 749 1546 Sanctitas
766 1473 834 1546 Sua
850 1491 923 1548 uon
939 1472 1042 1547 modo
1067 1475 1237 1568 perpetuis
1261 1475 1380 1552 tuturis

117 1585 331 1680 temporibus
354 1583 426 1660 lore
451 1583 600 1666 valitura,
627 1601 745 1658 verum
772 1585 872 1658 etiam
896 1584 1073 1660 simillibus
1098 1586 1259 1662 institutis
1284 1595 1380 1663 extra

115 1700 247 1774 Urbem
265 1697 385 1772 erectis
401 1715 441 1769 33
455 1696 490 1770 13
508 1702 682 1790 posterum
698 1696 867 1789 erigendis
884 1697 917 1771 in
935 1705 1135 1791 perpetuum
1153 1698 1275 1791 paritor
1291 1718 1381 1774 cnm·

116 1811 342 1886 municabiles
366 1827 427 1904 per
452 1807 643 1883 Praesidem
669 1827 731 1903 pro
756 1816 908 1903 tempore
932 1811 1073 1884 Romani
1098 1811 1259 1902 institnii;
1285 1811 1381 1886 dum·

63 1993 66 1998 .
116 1924 361 1999 modulamen
386 1921 469 1994 tales
495 1921 681 2022 erectiones
706 1919 749 1995 de
775 1923 953 2017 respectiri
977 1923 1142 2008 Locorum
1160 1922 1379 1999 Ordinarii'li·

118 2037 231 2112 centia
255 2035 323 2110 sint
348 2039 501 2128 peractae
525 2034 579 2107 vel
604 2032 827 2127 peragendae,
853 2027 936 2110 Non'
952 2035 1167 2113 obstantibus¹
1187 2035 1228 2124 in,
1248 2043 1379 2112 contra·

115 2151 209 2226 rium
234 2147 431 2224 lenientibus
448 2145 730 2240 quibuscumque.
748 2141 983 2222 Praesentibus
1000 2149 1150 2222 vulturis
1167 2149 1296 2242 absque
1313 2151 1379 2226 ulla

115 2261 236 2337 Brevis
261 2259 485 2353 expeditione.
510 2261 631 2333 batum
656 2261 782 2334 Romae
807 2278 851 2333 ex
877 2261 1060 2334 sooreuria
1084 2261 1159 2334 Sac.
1185 2262 1376 2356 congrega-

116 2375 221 2450 tionis
246 2372 529 2466 indulgentiarum
555 2370 610 2446 die
638 2377 681 2445 le
708 2372 915 2467 Septembris
942 2377 1048 2445 1851.

718 2573 722 2581 ,
830 2485 867 2558 F.
893 2473 997 2560 Cano.
1024 2484 1196 2588 8333313333
1221 2488 1344 2562 Purus.

761 2653 765 2659 .
897 2599 939 2673 Α.
968 2599 1127 2716 dolendo
1155 2601 1278 2675 sceret.

694 2796 808 2870 xnvr.
892 2777 895 2782 ’

121 2989 289 3086 somme
309 2990 341 3054 3·
361 2995 436 3084 toro
457 2988 483 3052 n
503 2987 532 3052 s.
555 2983 738 3068 rerepente
758 3003 774 3048 0
794 2983 935 3084 procop
952 2985 1089 3076 elme
1103 2947 1375 3080 casmena-

207 3097 284 3180 tefici
297 3099 357 3162 olto
372 3097 475 3187 illium
488 3112 504 3159 c
517 3095 687 3162 Meneclem
704 3093 778 3158 dode
791 3094 935 3176 Perpetuo
947 3093 1118 3160 Adcrutrici
1130 3096 1178 3160 dcl
1196 3095 1371 3170 8331831333

207 3205 401 3289 8393333313
420 3204 454 3268 in
474 3205 576 3270 113333.

640 3321 859 3430 Advertimeutc

82 3487 87 3497 '
207 3493 265 3558 Per
284 3492 461 3574 qualuntpue
481 3487 1026 3571 1333133333(13333331333133
1044 3489 1075 3556 le
1096 3469 1265 3573 particol'ari
1284 3505 1375 3572 opero

122 3587 269 3670 inginnte
289 3587 346 3652 obe
365 3602 514 3651 terranno
537 3583 703 3666 prescritle,
723 3582 749 3646 si
770 3584 906 3651 ricblade
926 3601 980 3668 per
1000 3586 1188 3652 1311333313
1210 3586 1238 3660 ln
1259 3586 1374 3650 mulm-

124 3683 217 3746 sicne
235 3697 252 3746 e
272 3679 495 3759 communione,
516 3679 546 3743 la
566 3678 655 3741 visita
674 3675 751 3741 della
773 3680 894 3760 propria
916 3679 1024 3745 chiesa
1044 3697 1062 3745 e
1082 3681 1140 3745 clre
1159 3679 1201 3744 iti
1221 3695 1276 3760 per
1288 3681 1373 3761 qual·

126 3775 187 3841 obe
206 3776 308 3858 spazio
328 3775 359 3840 dl
381 3781 483 3864 tempo
503 3773 529 3846 ai
550 3771 658 3854 pregbi
679 3772 810 3837 secondo
831 3773 859 3838 13
879 3779 982 3840 mente
1002 3774 1051 3841 del
1072 3773 1195 3840 Scmrno
1212 3775 1373 3855 Pontedce,

125 3887 144 3935 e
164 3886 220 3953 per
241 3870 269 3934 la
289 3868 422 3935 Parniale
442 3867 500 3932 ebe
521 3865 565 3932 sia
586 3867 705 3930 almenn
726 3867 748 3944 il
768 3882 861 3932 cuore
880 3869 1020 3934 contrito.

209 3963 254 4028 l.⁰
274 3963 459 4045 lndulgenza
480 3961 617 4026 Plenarla
639 3960 815 4040 quotidiana
837 3962 1017 4044 applicabile
1037 3964 1133 4029 anobe
1154 3965 1183 4028 ai
1205 3963 1318 4029 delo'ntl
1334 3965 1373 4032 da

125 4060 255 4125 luerarsi
276 4075 337 4123 una
359 4057 438 4123 volta
458 4056 567 4121 l’anno
580 4058 611 4121 in
627 4071 669 4121 nn
689 4056 798 4136 giorno
818 4057 856 4120 ad
879 4057 1004 4122 arbitrio
1025 4063 1109 4122 tanto
1130 4059 1209 4124 dalle
1222 4059 1374 4140 lleliglcsc

124 4173 143 4220 3
156 4154 374 4233 commoranti,
388 4157 503 4235 guanto
516 4169 571 4236 per
585 4155 656 4217 tutti
671 4152 680 4216 i
695 4150 783 4216 ledeli
799 4150 939 4217 dell’uno
953 4167 971 4216 e
984 4153 1088 4218 l'altrn
1102 4169 1194 4221 sasso
1207 4154 1303 4220 83333
1316 4155 1377 4220 llll

124 4247 328 4332 8111391133
349 4247 387 4315 18
407 4247 514 4332 Aponio
536 4247 624 4314 rste.
648 4245 789 4330 Gregorio
809 4244 884 4312 xii
900 4247 941 4314 88
961 4247 1064 4330 Aprile
1085 4248 1173 4314 l8lri.
1301 4281 1307 4288 ·
