3346 4924
765 325 982 394 -570-

262 461 352 556 apud
375 461 551 536 latlmnas
577 459 678 536 AEdes
703 460 823 536 babilis
850 461 904 536 die
924 465 965 532 :tl
987 457 1092 534 liertii
1110 457 1255 532 ineuntis
1280 458 1359 530 anui
1384 456 1499 549 siugu-

258 575 307 649 las
333 581 476 650 maeres
493 575 728 650 concessiones
745 572 958 658 examinavit,
976 571 1159 664 auditoque
1181 569 1389 644 consultoris
1406 576 1516 656 roto„

259 687 303 764 ad
327 689 467 764 dubium
492 688 569 764 «lu
595 688 728 782 gratiae,
754 686 984 780 Indulgentiae
1008 692 1042 760 at
1057 683 1228 778 privilegia
1251 683 1297 758 de
1320 683 1445 776 quibus
1460 683 1498 758 in

259 819 339 876 casu
365 803 510 896 genuina
535 800 682 896 putanda
699 801 775 886 sint.
794 819 837 874 en
857 798 1097 894 apocrypbai·
1120 795 1394 891 respondendum
1420 813 1498 870 esse

259 913 355 989 duxit
379 915 561 1008 ‹Negalire
587 913 629 988 ad
655 914 796 1007 primam
813 919 953 1006 partem,
979 911 1185 984 Affirmatire
1201 910 1245 984 ad
1260 910 1448 986 secundum
1460 939 1496 984 ι.

257 1027 355 1100 Facta
382 1027 494 1121 itaque
511 1027 554 1101 de
571 1027 624 1100 bis
641 1026 798 1100 omnibus
822 1044 884 1120 per
908 1043 964 1098 me
989 1023 1235 1116 iniraserlplnm
1252 1024 1325 1096 Sec
1351 1023 1499 1115 Congre-

257 1141 399 1232 gullonls
413 1141 638 1214 secretarium
655 1139 872 1212 sanctissimo
887 1137 1030 1215 Domino
1046 1137 1167 1210 Nostro
1183 1136 1242 1210 Pio
1259 1137 1320 1209 PP.
1339 1137 1386 1210 ix
1405 1134 1498 1208 fideli

257 1253 426 1338 relatione,
453 1253 616 1327 Sanctitas
641 1253 710 1326 Sua
726 1251 975 1326 Resolullonem
992 1250 1065 1322 Sao.
1083 1249 1359 1342 congregationis
1375 1265 1498 1341 appro-

256 1363 379 1451 bando,
405 1384 469 1440 nee
494 1384 562 1440 uon
588 1371 754 1458 quatenns
780 1377 866 1457 opus
891 1363 934 1436 sit
959 1381 1209 1455 quamcumque
1238 1360 1498 1456 praecedentem

257 1477 509 1551 mucessionem
536 1476 742 1571 abrogando,
759 1495 812 1550 -ne
837 1475 986 1550 fidelium
1011 1482 1160 1569 tepescat
1184 1473 1335 1560 devotio,
1361 1491 1401 1546 ac
1425 1474 1497 1546 aui·

255 1586 376 1660 mabns
394 1587 427 1660 ln
445 1587 638 1679 Purgatorio
664 1587 807 1662 detentis
824 1587 956 1661 deficiat
972 1587 1138 1673 solatium,
1154 1588 1301 1680 benigne
1318 1584 1499 1662 declararit

255 1697 345 1772 idem
371 1697 482 1773 litare
499 1699 744 1792 Privilegialum
761 1700 962 1793 prolibus,
981 1718 1069 1792 quae
1093 1701 1127 1774 in
1152 1698 1274 1776 eodem
1290 1719 1311 1772 a
1335 1717 1499 1792 mecum·

257 1827 325 1902 pue
341 1810 520 1886 Sacerdote
536 1811 608 1886 sire
624 1813 797 1897 saeculari,
816 1813 888 1888 siue
912 1812 1057 1905 regulari
1074 1812 1108 1886 iu
1125 1812 1322 1904 sniiraglum
1346 1810 1500 1886 bdelium

257 1921 490 1998 defunctorum
515 1925 784 2000 celebrabuntur.
803 1925 976 2000 Praesenti
993 1925 1026 1998 in
1044 1931 1245 2019 perpetuum
1262 1925 1404 1998 valituro
1425 1923 1501 2000 abs·

256 2053 324 2128 qrne
348 2037 415 2110 ulla
439 2037 554 2112 Brevis
581 2037 807 2131 expeditione.
834 2038 908 2114 Non
932 2038 1141 2112 obstantibus
1166 2039 1201 2112 in
1228 2037 1431 2112 eontrarium
1447 2036 1498 2110 ia-

256 2148 420 2224 cientibus
446 2151 726 2243 quibuscumque.
754 2152 868 2226 liolnit
885 2152 1025 2245 insuper
1040 2151 1167 2226 Eadem
1184 2152 1349 2226 Sanctitas
1366 2151 1446 2236 Sua,
1463 2156 1502 2224 ni

256 2261 301 2336 ad
324 2261 509 2356 praefatum
533 2262 645 2338 ditare
668 2263 774 2338 retem
798 2269 909 2338 amota
933 2262 1219 2356 indulgentiarum
1243 2281 1284 2338 ae
1307 2261 1499 2355 privilegio

255 2391 332 2450 rum
357 2375 500 2462 Tabella,
526 2376 628 2450 altera
652 2377 753 2468 bnjns
771 2375 962 2452 Pontificius
977 2391 1087 2452 nouae
1104 2375 1307 2470 elargitionis
1333 2374 1499 2468 affigatur.

330 2485 452 2562 Datrrm
477 2489 602 2564 Romae
618 2507 663 2562 ex
680 2489 864 2564 secretaria
880 2488 1033 2580 ejusdem
1059 2490 1132 2564 Sao.
1150 2487 1426 2582 congegauonis
1445 2487 1501 2564 lu·

256 2597 502 2693 dulgentiarum
528 2599 583 2676 dle
610 2605 654 2676 ll
681 2601 803 2696 Aprilis
830 2605 936 2674 luto.

916 2715 953 2790 F.
980 2715 1084 2790 Canu.
1110 2713 1284 2799 monulus
1309 2715 1433 2790 Priuer.

991 2829 1034 2904 Α.
1060 2827 1223 2905 Commio
1248 2829 1371 2904 Socrui.

791 3023 957 3102 llCLVIll.

757 3169 983 3227 unxrenua

327 3272 415 3348 Cum
431 3271 465 3347 in
481 3275 556 3347 sac.
574 3274 836 3369 congregatione
860 3277 1147 3371 indulgentiarum
1171 3279 1419 3371 Sanammone
1434 3279 1498 3354 ite·

253 3384 432 3478 liquimum
449 3387 484 3460 in
499 3387 623 3464 Palatio
638 3389 797 3464 Vaticano
823 3391 935 3464 babila
953 3389 1008 3465 die
1028 3396 1069 3464 3l
1091 3392 1199 3466 liartll
1218 3396 1312 3465 1856
1338 3392 1497 3485 singulae

253 3498 481 3590 indulgentiae
497 3518 536 3574 ac
552 3500 724 3595 Prirllcgia
740 3503 863 3596 quibus
881 3504 992 3577 ditare
1017 3505 1119 3596 vulgo
1145 3505 1201 3579 del
1226 3503 1363 3578 Pardua
1380 3506 1416 3578 in
1432 3505 1496 3578 Ee·

255 3611 355 3686 clesia
369 3611 556 3686 cathedrali
568 3615 740 3688 ldexleana
756 3618 966 3691 asserebatur
983 3615 1135 3703 ditatum,
1154 3617 1345 3712 apocrypha
1362 3625 1397 3692 et
1414 3618 1495 3692 ialsa

254 3725 322 3800 sint
346 3726 520 3811 declarata,
555 3745 710 3821 quaeum
735 3729 777 3803 ab
806 3727 995 3823 Apostcilca
1027 3731 1116 3805 Sede
1149 3750 1238 3805 auno
1273 3735 1367 3804 {833
1394 3731 1496 3806 eliam

256 3839 373 3931 majori
397 3837 501 3914 Alteri
525 3840 693 3915 Ecclesiae
716 3841 908 3916 lionialium
932 3843 968 3916 S.
994 3842 1154 3917 Bernardi
1176 3842 1329 3936 ejusdem
1355 3844 1497 3919 civitatis

255 3949 387 4026 inerant
409 3953 672 4038 communicata,
698 3953 777 4026 binc
808 3955 1045 4030 Sanctissimae
1075 3957 1241 4030 Dominus
1271 3956 1392 4032 Noster
1417 3957 1498 4031 Pius

256 4061 320 4136 Pl‘.
345 4063 402 4138 lit.
429 4065 491 4138 tini
515 4064 558 4140 de
584 4065 740 4140 omnibus
765 4083 827 4158 per
851 4085 906 4142 me
931 4067 1178 4162 inirasoriptum
1203 4069 1277 4144 See.
1303 4069 1497 4164 Gougmga·

256 4174 357 4248 tiouls
382 4176 601 4252 Seeremium
628 4178 711 4252 iacta
736 4177 844 4254 luerat
866 4178 976 4254 iideils
1000 4181 1126 4266 relatio,
1152 4198 1223 4256 raon
1247 4181 1350 4258 molle
1370 4183 1499 4260 resolu-

256 4285 384 4364 tionem
415 4285 567 4378 ejusdem
599 4289 673 4366 Sao.
704 4289 977 4386 congregationis
1006 4293 1213 4390 approbarit,
1244 4311 1361 4374 rerrrm
1393 4297 1497 4374 ellam
