3130 4920
569 351 787 426 ..293-

98 489 225 558 menen
248 483 435 560 sanctitatis
464 485 553 560 suae
584 486 750 562 oraverint
781 503 842 579 per
872 485 1008 578 aliquod
1039 486 1199 579 temporis
1227 499 1301 579 spa·

97 596 175 682 tum,
198 597 421 675 amantissime
445 597 633 692 impertitus
657 605 720 674 est.
745 599 895 686 Quodsi
919 599 1018 677 trium
1036 598 1301 690 sodaliumque

95 709 136 780 ris
157 708 196 784 de
218 727 318 784 eausa
343 710 508 804 quispiam
534 707 701 796 deiecerit,
727 711 786 803 qui
811 717 1022 804 supererunt,
1047 711 1211 786 ternarius
1227 729 1300 803 per-

93 826 177 913 petuo
199 829 235 896 nt
260 829 391 898 constet
414 841 586 910 numerus,
613 823 714 897 alium
738 823 897 916 deinceps
922 825 957 897 in
982 825 1055 916 ejus
1075 823 1186 898 locum
1209 823 1301 896 sulli-

91 949 152 1004 rere
173 933 346 1008 curabunt.
371 935 490 1028 ltaque
510 935 628 1009 fidelos
653 951 772 1009 omnes
797 935 960 1010 sanctitas
993 937 1060 1010 sna
1086 935 1301 1008 uehementer

91 1041 274 1118 inltomino
299 1046 468 1132 nouus,
492 1053 530 1122 nt
555 1066 575 1120 e
600 1047 730 1120 sancto
747 1047 812 1120 hoc
838 1053 938 1138 atque
968 1047 1051 1120 adeo
1076 1046 1209 1120 salutari
1234 1046 1303 1139 pie·

91 1155 150 1228 tatis
171 1157 206 1230 in
229 1157 339 1232 Deum
364 1159 523 1234 exercitio
539 1164 665 1234 anam
681 1158 856 1252 percipere
871 1159 1044 1232 utilitatem
1061 1177 1131 1233 non
1154 1163 1301 1251 practer-

89 1267 209 1342 nittant
236 1269 450 1364 chumque
473 1269 565 1346 enim
596 1269 631 1346 id
663 1270 797 1346 assidue
829 1270 1038 1363 fideliterque
1062 1270 1301 1364 praestiterint,

87 1379 275 1470 sperandum
300 1399 384 1458 sanc
408 1381 529 1458 iisdem
554 1388 606 1456 est
629 1385 699 1456 lore
715 1390 753 1458 ut
768 1383 963 1475 praesertim
979 1381 1140 1478 Deiparae
1157 1381 1302 1472 Virginis

86 1493 251 1580 patrocinio
276 1511 318 1568 ea
344 1493 475 1569 diuinae
500 1495 623 1588 gratiae
648 1501 897 1586 consequantur
914 1495 1046 1580 auxilia,
1067 1513 1211 1586 quorum
1238 1509 1303 1585 ope

84 1601 332 1684 mmeuscum
358 1625 507 1682 amorem
532 1608 696 1694 conversi,
721 1615 755 1682 et
780 1607 1001 1684 Christianam
1022 1609 1061 1694 in
1086 1607 1183 1682 terris
1201 1606 1303 1680 uitam

84 1723 258 1794 consanter
284 1726 396 1812 agant.
422 1726 456 1796 et
480 1726 599 1796 euntes
624 1719 667 1794 de
693 1720 813 1794 virmte
837 1720 873 1794 in
898 1720 1054 1796 uirtutem
1079 1717 1209 1810 gaudiis
1229 1723 1302 1788 tan·
1460 1757 1462 1762 ·

84 1825 148 1902 dan
169 1831 388 1925 pertruantur
411 1832 566 1906 aeternis.
592 1831 705 1906 Voluit
728 1830 865 1906 demum
889 1830 1015 1904 Eadem
1048 1830 1210 1904 Sanctitas
1235 1828 1304 1902 Sua

83 1937 156 2016 lanc
178 1944 324 2036 gratiam
350 1951 546 2038 perpetuam
571 1943 657 2028 lore,
683 1942 757 2018 sine
782 1943 848 2018 nlla
875 1942 990 2016 Breuis
1015 1941 1245 2036 expeditione,
1270 1945 1305 2014 et

82 2069 138 2126 nun
160 2055 376 2132 obstantibus
399 2056 435 2132 in
459 2057 661 2132 maenium
686 2055 882 2130 iacientibus
907 2055 1188 2148 quibuscumque.

140 2168 261 2244 Datum
286 2171 415 2244 Romae
440 2188 485 2246 ex
508 2170 691 2246 secretoria
719 2170 792 2244 sac.
823 2167 1096 2260 congregationis
1128 2165 1304 2257 Indulgere

81 2278 186 2356 Qum
210 2281 268 2359 dle
298 2287 345 2355 is
370 2281 446 2358 alati
473 2287 579 2356 list.

478 2394 519 2468 V.
546 2393 650 2470 Caum
675 2395 895 2470 Bounomos
920 2391 1129 2466 Pro-Pnanr.
1246 2435 1256 2458 .

300 2507 410 2584 Julius
424 2507 543 2586 Morio
558 2509 611 2582 lle
629 2507 785 2582 scutra
802 2507 881 2582 Soc.
901 2505 1005 2597 conpr
1023 2501 1160 2594 indutu.
1179 2499 1302 2574 secret.

562 2696 806 2779 CCCLXXXV.

624 2847 747 2904 nnnrs

138 2951 190 3030 ld
213 2953 423 3031 humillimas
453 2973 573 3050 preces
596 2953 975 3030 archicorriraternitatis
1004 2951 1069 3029 sub
1099 2949 1193 3026 titulo
1218 2947 1302 3020 san·

81 3064 234 3144 amimae
260 3069 429 3144 Trinitatis
454 3071 708 3164 Peregrinarum
726 3085 766 3142 ac
786 3066 1097 3142 conuaeseenttum
1121 3065 1302 3152 nuncupat.

80 3173 164 3254 Urbs
187 3181 432 3256 sanctissimus
455 3181 618 3256 Dominus
643 3183 762 3256 Noster
787 3181 866 3254 Pius
892 3179 954 3252 PP.
980 3176 1025 3248 VI
1044 3173 1190 3264 benigne
1215 3168 1305 3243 ineli-

79 3297 174 3377 natus,
200 3293 364 3368 omnihus
389 3299 423 3368 ct
446 3294 587 3388 singulis
603 3295 780 3385 utriusque
800 3310 905 3366 serus
930 3283 1208 3362 christifidelibus
1226 3297 1305 3353 vere

79 3405 319 3490 poenitentibus
337 3405 498 3480 confessis
516 3425 555 3480 ac
571 3407 605 3479 S.
624 3404 868 3480 communione
885 3400 1027 3485 relectis,
1046 3397 1104 3490 qui
1124 3392 1307 3467 Ecclesiam

79 3513 190 3601 pariter
222 3516 292 3591 suh
324 3517 420 3592 titulo
445 3519 681 3594 Sanctissimae
713 3517 899 3600 Trinitatis,
924 3531 988 3588 neo
1012 3529 1080 3586 non
1110 3503 1306 3601 pubblicum

79 3621 220 3710 eiusdem
238 3625 621 3704 arentoontralerntuds
638 3629 825 3704 oratorium
852 3629 886 3701 in
915 3625 1006 3700 leriis
1031 3620 1136 3696 sextis
1162 3614 1309 3702 Quadra·

77 3734 214 3822 lcsimae
241 3738 365 3814 deuote
397 3740 611 3827 visitaverint,
638 3747 672 3815 ei
694 3742 790 3834 juxta
822 3745 971 3814 mentem
1004 3728 1192 3808 sanctitatis
1219 3727 1308 3799 Suae

78 3861 131 3934 W
152 3850 292 3944 ΜΝ
315 3853 476 3947 temporis
504 3853 651 3948 spatium
680 3853 736 3946 pie
765 3851 944 3934 oraverint,
968 3841 1212 3938 indulgentiam
1237 3837 1309 3910 Ple

78 3960 194 4038 caiam
226 3963 386 4040 fidelihus
418 3967 520 4040 etiam
545 3965 710 4042 datuurus
736 3963 968 4058 applicabilem
993 3959 1029 4033 in
1055 3954 1203 4049 qrraihet
1227 3949 1310 4026 teria

80 4079 166 4146 sexu
190 4075 474 4172 Quadrapesimae
498 4076 694 4152 lucrandam
709 4076 857 4170 henigne
881 4071 1058 4148 concessit.
1075 4069 1150 4144 Non
1176 4064 1310 4138 obstan·

80 4180 158 4257 tuus
181 4189 219 4260 in
244 4191 446 4264 contrarium
478 4190 676 4269 laetentibus
700 4187 984 4284 quibuscumque.
1018 4180 1199 4270 voluitque
1224 4175 1308 4247 san·

81 4293 166 4372 ultas
180 4298 252 4374 sna
271 4300 358 4376 lanc
374 4301 513 4398 granam
538 4303 790 4399 inperpetuum
816 4301 947 4394 absque
971 4294 1037 4372 ulla
1065 4289 1181 4367 Breuis
1205 4302 1309 4380 espe-
