3164 4926
789 339 1004 407 -t't'd-

288 481 340 550 est
364 471 530 568 ejusmodi
556 471 761 549 Numismata
787 473 997 560 benedicere,
1022 479 1079 548 aut
1103 493 1123 546 a
1146 492 1185 548 se
1208 472 1383 550 benedieta
1411 473 1522 548 tideli-

286 587 353 664 bns
377 587 577 662 distribuere
601 585 733 672 audeat,
751 605 813 661 seu
837 593 1039 682 praesumat,
1060 587 1125 664 sub
1149 588 1266 681 poenis
1282 605 1344 681 per
1359 588 1523 680 respeeti·

288 718 350 774 uos
375 701 538 775 Locorum
555 699 758 784 ordinarios,
776 707 832 775 aut
855 699 947 774 Fidei
963 700 1179 793 inquisitores
1193 699 1287 791 juxta
1303 706 1415 772 reatus
1431 718 1522 791 qua-

288 812 412 888 litatem
446 811 580 886 arbitrio
612 811 811 904 infligendis.
837 813 1016 904 voluitque
1047 811 1140 904 quod
1164 813 1300 886 burum
1331 812 1523 887 litterarum

289 925 506 1017 transumptis
531 941 593 997 seu
616 924 779 1017 exemptis
796 925 894 998 etiam
912 925 1094 1018 impressis,
1111 943 1215 998 manu
1239 925 1376 1017 alienius
1392 924 1523 998 Notarii

288 1037 412 1130 publici
436 1036 635 1130 subscriptis
660 1042 693 1110 et
717 1037 829 1128 Sigitto
854 1038 1020 1110 Personae
1045 1038 1080 1112 in
1105 1035 1262 1130 dignitate
1287 1037 1524 1110 Eeelesiastiea

290 1150 490 1224 constitutae
514 1150 567 1222 vel
593 1168 654 1242 pro
678 1156 828 1244 tempore
854 1150 1027 1224 existentis
1052 1149 1187 1244 praeisti
1216 1149 1354 1224 abbatis
1379 1150 1525 1224 munitis

288 1261 406 1338 eadem
422 1280 561 1356 prorsus
577 1260 662 1336 tides
679 1261 805 1356 ubique
822 1262 970 1336 tororum
987 1261 1182 1337 adhibeatur
1199 1280 1285 1354 quae
1302 1261 1524 1336 adhiberetur

286 1375 340 1450 bis
365 1375 598 1468 praesentibus
624 1374 653 1446 si
678 1373 786 1448 terent
810 1375 953 1450 exibitae
979 1375 1032 1450 vel
1053 1380 1217 1450 ostensae.
1243 1376 1364 1450 Datum
1388 1375 1523 1448 Romae

287 1485 342 1562 die
369 1491 389 1560 3
416 1486 538 1581 Aprilis
566 1490 671 1560 troo.

801 1597 859 1672 Fa.
885 1599 913 1672 t.
941 1597 1044 1672 Crxn.
1071 1599 1334 1672 Ponrooaxeune
1359 1599 1485 1674 Pnasr.

921 1711 961 1784 A.
987 1711 1027 1786 Ε.
1060 1711 1242 1786 Vieeeomes
1269 1712 1391 1786 secret.

699 1969 703 1976 .
814 1905 1000 1981 ccxxvii.

784 2052 1026 2108 nasstttntt.

360 2156 414 2232 Ad
437 2157 639 2231 humillimas
665 2165 698 2231 et
723 2158 840 2232 enixus
864 2177 981 2252 praees
1007 2158 1139 2232 nomint
1159 2158 1338 2234 Alexandri
1365 2157 1523 2233 moderni

290 2276 324 2343 et
347 2287 409 2363 pro
434 2276 585 2363 tempore
610 2270 783 2354 existentis
808 2269 945 2345 Abbatis
975 2272 1152 2347 Cremitani
1184 2272 1317 2346 Ordinis
1349 2273 1384 2344 S.
1410 2273 1522 2346 Bene·

292 2379 370 2456 dieti
404 2383 630 2458 Passaxiensis
659 2383 827 2463 bioeoesis
856 2383 890 2456 iu
922 2385 1055 2460 dustria
1087 2385 1322 2458 sanctissimus
1353 2385 1523 2459 Dominus

289 2494 408 2574 Noster
433 2494 631 2572 Benedictus
657 2497 718 2568 PP.
745 2495 822 2568 xlv
847 2495 956 2570 eidem
980 2497 1189 2584 alexandro,
1216 2499 1358 2591 ejusque
1386 2515 1524 2572 suoees

288 2607 433 2691 sonibus,
459 2624 498 2680 ae
523 2607 679 2680 omnibus
706 2612 739 2680 et
762 2607 903 2700 singuiis
927 2607 1132 2695 meatibus,
1158 2610 1338 2695 Prioribus,
1364 2611 1524 2684 eoeteris-

288 2737 356 2810 que
384 2717 554 2792 btonaobis
580 2717 815 2792 Sacerdotibus
846 2719 997 2812 ipsimet,
1030 2727 1064 2794 et
1091 2740 1153 2814 pro
1186 2728 1337 2816 tempore
1361 2721 1525 2796 existenti

288 2829 408 2904 Abbati
432 2835 595 2922 perpetuo
612 2829 781 2922 subiectis,
798 2831 1015 2918 Numismata,
1033 2851 1095 2906 seu
1110 2833 1293 2919 Medabias,
1311 2833 1364 2906 vel
1380 2833 1523 2918 Gruees,

290 2947 347 3014 aut
363 2939 523 3016 cruentas
540 2947 604 3014 ete.
620 2944 678 3032 (ot
694 2943 914 3036 inrepertum·
930 2946 1072 3019 Decreto
1089 2945 1149 3020 seb
1166 2964 1307 3022 nomem
1325 2945 1524 3036 CCXXVI).

361 3053 481 3128 Datum
506 3054 633 3130 Romae
657 3054 712 3130 die
739 3059 760 3128 3
787 3056 908 3150 Aprilis
937 3061 1041 3132 troo.

802 3263 1004 3340 CCXXVHI.

858 3437 951 3494 onnrs

367 3614 428 3684 t.¹¹¹
453 3613 506 3684 Are
530 3610 680 3706 [acuties
697 3615 947 3690 oausertberdt
961 3615 1149 3711 [ermetem
1165 3617 1430 3712 apprepetiom's
1457 3622 1524 3694 oti·

291 3720 386 3812 euius
411 3721 808 3818 drodieoesroteruitetis
827 3729 1000 3820 privative
1025 3735 1196 3824 competet
1221 3731 1424 3814 secretorio,
1451 3734 1525 3806 siue

290 3835 501 3910 amanuensi
532 3838 637 3930 ipatus
669 3836 1066 3932 Arebieoosretereitotis
1098 3843 1209 3936 eisque
1237 3845 1444 3938 permissum
1480 3848 1524 3919 sit

291 3946 427 4040 estpars
451 3965 621 4022 semmam
645 3950 709 4024 sibi
735 3952 816 4024 beree
832 3952 963 4041 oisem;
988 3955 1041 4028 oet
1061 3956 1179 4048 potius
1202 3957 1381 4050 exemptor
1408 3955 1525 4032 dietae

290 4056 461 4152 [nemetae
490 4059 860 4155 Arobieoosreteroitos
893 4068 1048 4140 terreatur
1072 4068 1182 4161 pretia
1216 4067 1353 4144 trudere
1376 4072 1524 4162 petenti·

292 4169 352 4246 bus
378 4175 701 4266 murmurarem?
725 4181 759 4248 et
784 4182 949 4266 quatenus
974 4180 1135 4274 negative.

365 4285 428 4358 211¹
456 4285 631 4370 Qreomodo
653 4286 934 4380 prouidendum?
