3164 4926
596 371 814 442 -117-

87 527 155 586 rua
170 507 350 604 proposita
367 509 504 583 fuerunt
519 509 693 601 sequentia
707 509 822 583 ¹dubia.
841 509 951 583 Prima
970 510 1054 585 «An
1066 513 1327 593 Putriarcbolea

84 625 269 705 bauliaco,
299 623 461 714 aliaeque
485 623 666 707 Ecclesiae,
683 641 744 695 nec
761 641 831 696 non
846 624 1067 708 Naucanio,
1084 624 1326 724 Arabiconfru

83 738 282 817 mnata,
312 735 512 828 Superiores
538 736 775 826 cujuscumque
802 735 950 818 maian,
981 737 1051 811 siae
1079 739 1230 814 Instltuti
1255 761 1327 816 coe·

81 851 213 942 imque
240 847 410 920 habentes
434 847 637 940 facultatem
667 849 943 922 communicandi
968 850 1174 944 priuilepio,
1195 855 1329 946 possint

80 962 278 1053 Primlema
298 959 582 1051 alndulpenlias
598 960 770 1052 ampIIare
788 965 820 1033 et
842 961 993 1032 limitare
1012 979 1080 1053 pro
1106 964 1160 1036 sui
1180 961 1327 1039 arbitrio

79 1078 112 1148 in
143 1071 490 1167 aopreoationibus?
514 1102 528 1136 »
552 1071 708 1145 Seruum
733 1100 746 1134 ι
771 1075 825 1144 Aa
851 1075 1114 1164 upprepaliones
1146 1075 1328 1168 [anemae

80 1189 141 1262 aar
175 1185 234 1260 orl
261 1191 397 1278 ternpus
421 1185 475 1256 uel
496 1185 792 1278 inperpetuum?
817 1214 829 1247 »
854 1185 964 1257 Tertio
988 1211 1001 1246 ι
1024 1186 1077 1257 Aa
1104 1185 1328 1280 privileotum

78 1301 213 1374 abacis
238 1299 290 1372 sit
315 1295 620 1370 communicabile?
644 1297 717 1369 »Et
741 1297 815 1370 Sao.
837 1295 964 1370 Eadem
990 1295 1210 1390 congregatio
1234 1298 1326 1372 diet

77 1411 256 1488 Februarii
281 1415 378 1482 {lib
400 1408 636 1482 declarandum
661 1427 738 1482 esse
754 1409 917 1482 censuit»
945 1408 999 1483 Ad
1015 1410 1161 1502 primum
1187 1411 1326 1503 ‹Nepa-

78 1528 149 1610 lira,
177 1523 254 1598 uisi
283 1522 378 1596 aliter
403 1521 438 1593 in
455 1520 594 1595 Induitis
619 1519 818 1614 apostolicis
836 1520 1071 1613 praevideatur
1085 1551 1120 1594 ι.
1138 1521 1192 1595 Λᾶ
1209 1525 1329 1596 secuu-

77 1639 157 1712 dum
182 1665 198 1698 c
226 1633 497 1726 aggregationes
522 1631 690 1705 iaciendas
707 1651 784 1706 esse
802 1633 836 1704 ia
853 1638 1053 1726 perpetuam
1070 1661 1105 1708 ι.
1123 1633 1176 1708 Ad
1192 1635 1328 1708 tertium

86 1779 97 1812 ι
119 1747 296 1841 Negative
321 1774 357 1817 ι.
382 1746 432 1819 De
457 1745 581 1836 qubus
605 1744 689 1817 iacta
715 1762 776 1837 per
801 1763 857 1818 me
881 1744 1130 1837 infrascriptum
1147 1745 1255 1838 ipsius
1271 1746 1329 1820 Sa-

77 1881 148 1936 crae
175 1857 466 1951 congregationis
483 1857 705 1931 sacratarium
731 1857 785 1931 uie
812 1862 834 1929 2
860 1858 965 1932 Martii
982 1858 1137 1949 ejusdem
1154 1859 1233 1934 anni
1246 1860 1328 1934 San·

76 1974 231 2048 ῶεείιηο
257 1971 406 2046 Domino
431 1969 600 2054 relatione,
627 1969 791 2046 Sanctitas
817 1969 894 2042 Sua·
910 1976 1026 2044 rutum
1044 1972 1118 2044 Sao.
1140 1971 1329 2064 Congrege-

77 2088 173 2162 bouis
200 2085 359 2178 benigue
384 2084 590 2177 approbavit.
814 2159 816 2162 ,

606 2197 665 2268 Fa.
691 2198 719 2270 J.
746 2195 849 2270 Cana.
877 2198 1144 2270 Poaaoaaaucno
1171 2199 1293 2270 Pauus.

474 2387 476 2394 .
574 2309 613 2380 Α.
641 2309 688 2381 M.
714 2309 810 2382 Ecba
835 2309 930 2381 Prot.
961 2308 1175 2402 apostolicas
1200 2309 1327 2384 secret.

639 2505 778 2578 CLXIII.

146 2651 276 2742 Nuper
300 2651 494 2722 emanatum
518 2645 580 2720 iuit
605 2645 777 2720 decretam
803 2645 928 2720 tenoris
954 2645 1012 2738 qui
1041 2645 1212 2737 sequitur,
1239 2643 1329 2721 vide-

78 2767 151 2838 litet
178 2791 195 2826 ι
224 2761 316 2834 cum
335 2760 496 2853 plumbus
520 2779 591 2834 non
623 2759 834 2834 obstantibus
864 2759 1038 2842 boemis,
1065 2759 1186 2851 auibus
1217 2759 1329 2836 Sacra

79 2873 318 2970 warmatia
345 2871 571 2965 inculpentiis
598 2873 780 2962 saumque
805 2871 971 2963 uelioutis
988 2872 1192 2965 praeposita
1210 2870 1327 2948 cecla

78 2991 184 3074 cauit,
223 2991 259 3060 et
292 2985 470 3078 siunonlcr
502 2984 558 3058 clio
590 2989 638 3056 20
670 2985 800 3077 Aprilis
835 2988 925 3058 llll
963 2986 1177 3060 Monostcriu
1209 2987 1330 3062 munia

79 3098 403 3176 Samtmmnalium
436 3116 523 3188 puae
556 3117 580 3170 a
613 3113 698 3169 cura
728 3102 760 3169 el
792 3097 956 3188 aubemio
990 3099 1155 3170 Fratrum
1186 3115 1329 3172 morum

83 3214 263 3288 manum
289 3211 349 3284 sub
376 3209 579 3284 immediata
609 3210 857 3302 bpimoporum
883 3207 1122 3299 jurisdictione
1155 3210 1329 3286 translata

81 3333 172 3410 unt,
201 3342 266 3400 seu
291 3323 329 3396 in
348 3327 527 3416 porterum
552 3321 734 3415 transferri
760 3323 881 3413 aliquo
897 3322 1033 3394 ratione
1051 3319 1243 3411 contiperit,
1257 3337 1329 3396 non

81 3441 158 3514 loeo
184 3436 382 3528 Prieikoio
408 3441 440 3508 et
464 3435 712 3528 Indulomtias
740 3435 860 3527 quibus
882 3439 987 3508 antea
1010 3431 1220 3526 ouudabant,
1242 3434 1329 3507 umi-

82 3555 173 3636 sisse,
200 3567 266 3625 seu
294 3548 462 3622 amioum
485 3547 576 3640 tore,
611 3547 670 3620 sod
699 3545 817 3620 eodem
846 3545 949 3618 ruodo
983 3545 1111 3618 cunctis
1137 3542 1329 3637 praalais

87 3661 284 3756 Pnoilepiis
306 3665 339 3734 et
363 3659 589 3752 Indulpcntiis
613 3661 675 3743 uti,
703 3664 735 3734 et
759 3659 830 3753 [rui
856 3658 988 3734 debere·
1001 3677 1044 3732 ac
1068 3657 1098 3730 si
1121 3657 1182 3730 urb
1205 3655 1328 3748 auber-

88 3777 144 3850 nio
167 3778 341 3850 Fratrum
365 3791 507 3846 suoram
535 3772 801 3848 meinamma
828 3769 1329 3858 concambiationem

89 3889 231 3962 tenebris
253 3889 349 3958 {736
371 3885 585 3958 Monastorio
602 3885 808 3958 Monialium
828 3881 1154 3964 Elisabetbinurum,
1172 3880 1251 3953 licet
1266 3881 1328 3956 sub

90 4019 171 4072 cura
196 4005 230 4074 et
255 3997 426 4092 pubernio
455 3996 721 4070 ordinariorum
743 3996 903 4079 arietant,
925 3993 1077 4088 paudere
1101 3992 1329 4087 Induloentiis

91 4131 207 4186 earam
235 4109 364 4188 Ocelim
380 4109 588 4203 pomerellia
604 4108 786 4196 concessis;
804 4128 846 4182 ac
871 4107 925 4180 die
944 4111 989 4180 23
1009 4107 1214 4200 Septembris
1232 4111 1323 4180 llll

94 4225 328 4300 munaus
354 4222 522 4296 Dominus
548 4223 684 4303 Noster,
711 4219 831 4294 audito
856 4221 953 4313 prius
985 4223 1064 4291 uoto
1090 4217 1241 4307 audem
1266 4217 1329 4292 Su·

95 4353 170 4412 crae
194 4335 482 4432 comprobationis
508 4331 563 4406 elie
600 4337 644 4406 lb
679 4331 827 4424 audem
859 4329 981 4404 aaran
1014 4327 1244 4404 declaraverit
1256 4347 1270 4418 ;
1293 4333 1329 4404 et
