3120 4924
533 369 752 436 -221-

71 521 118 596 pue
137 503 284 577 bonumm
317 501 538 596 spiritualium
563 501 698 575 Ordinis
721 500 897 595 praedioli,
930 501 1114 578 dummodo
1146 510 1258 580 tamen

70 615 152 707 proed
172 613 323 688 lloniales
348 615 530 709 adscriptas
555 615 645 689 illam
670 613 751 688 dent
775 613 818 688 de
843 614 974 688 lieentia
996 613 1257 692 ordinariorum.

69 727 117 800 lon
137 727 335 802 obstantibus
360 729 396 802 in
422 728 624 802 eontrarium
649 727 846 802 lenientibus
864 728 1145 821 quibuscumque.
1162 731 1260 804 Prae·

72 840 127 912 enti
147 841 178 912 in
198 846 398 933 perpetuom
424 840 573 915 vabtnro.
600 840 779 933 voluitque
804 841 967 914 Sanctitas
992 841 1059 924 Sua
1084 842 1172 916 bano
1187 861 1260 936 gra·

71 953 120 1024 lan
140 953 304 1045 senegart
330 953 460 1044 absque
480 953 546 1026 ulle
562 951 678 1026 Brevis
695 951 918 1046 expeditione.
935 953 1056 1026 batum
1072 953 1198 1029 Romae
1214 973 1258 1029 ex

70 1065 210 1140 muria
234 1067 309 1140 See.
335 1065 609 1160 congregationis
634 1063 917 1158 indulgentiarum
942 1064 997 1140 die
1018 1066 1132 1141 oblati
1152 1072 1258 1142 llud.

576 1179 617 1254 N.
643 1179 746 1262 Canu.
772 1177 988 1254 Arronmuus
1013 1181 1136 1257 Pmur.

697 1294 732 1366 S.
758 1292 889 1384 borgia
915 1293 1038 1368 Secret.

516 1487 763 1564 cclxxxvn.

552 1633 729 1688 rnxosm

109 1739 152 1812 ld
173 1739 378 1814 humillimas
404 1759 520 1833 preses
545 1740 686 1814 abbatis
702 1740 840 1834 tosepbi
865 1741 988 1815 Calbsti
1014 1741 1057 1818 de
1073 1743 1260 1818 Gentilibus

61 1849 181 1926 odone
204 1852 392 1948 Imperialis
418 1861 452 1928 et
477 1853 577 1926 unius
600 1871 803 1928 annumero
828 1860 1014 1930 tercentum
1039 1855 1260 1932 confoedera-

61 1969 139 2036 brnn
160 1967 192 2038 S.
217 1967 360 2041 loannis
391 1965 620 2060 Nepomuoeni
645 1966 681 2039 in
705 1966 818 2039 Stella
850 1966 996 2041 Civitatis
1029 1969 1154 2063 Pregae
1182 1987 1260 2063 spe·

60 2073 149 2150 tibur
170 2077 332 2172 deputati,
350 2077 590 2152 sanctissimus
606 2077 771 2151 Dominus
788 2078 907 2152 Noster
931 2080 1087 2153 Clemens
1104 2081 1166 2154 ΡΡ.
1183 2082 1260 2154 Xlll

58 2183 168 2278 benigne
190 2189 371 2262 inclinatus
403 2188 648 2280 Indulgentiam
678 2189 865 2263 Plenariam
894 2191 999 2264 semel
1023 2191 1059 2263 in
1083 2209 1201 2266 mense
1226 2199 1260 2267 et

58 2296 227 2376 blrleelo
258 2301 378 2378 Mortis
408 2301 452 2375 ad
483 2301 709 2395 septennium
742 2301 920 2394 praedietis
952 2302 1202 2378 confoederatis
1227 2309 1261 2379 et

59 2409 292 2490 ledelemtioni
318 2415 504 2508 aggregetis
535 2416 605 2506 jam
631 2431 808 2488 concessas
833 2415 868 2487 in
893 2421 1091 2508 perpetuant
1122 2415 1259 2490 duratu-

57 2541 106 2596 ran
127 2529 301 2622 ampliavit.
328 2528 508 2620 voluitque
533 2525 660 2600 Eadem
686 2525 849 2600 Sanctitas
875 2527 943 2600 Sua
966 2527 1159 2620 hujusmodi
1183 2545 1258 2620 gra·

58 2635 102 2710 dre
120 2642 348 2716 extensionem
373 2639 408 2714 in
432 2645 635 2734 perpetuum
661 2637 790 2730 absque
814 2639 881 2712 ulla
906 2638 1021 2712 Brevis
1046 2639 1259 2732 expeditione

58 2747 106 2822 lere
125 2754 306 2828 edituram.
332 2754 454 2827 Datum
479 2755 605 2826 Romae
622 2769 665 2824 ex
683 2751 865 2824 secretoria
892 2753 966 2824 Sao.
986 2751 1259 2845 Congregationis

58 2859 306 2958 lnddgentiarnm
331 2865 387 2940 die
412 2871 434 2938 2
460 2863 667 2960 Septembris
692 2863 790 2937 Anno
818 2866 925 2936 litto.

840 2977 875 3049 S
901 2976 1035 3068 Borpio
1062 2978 1185 3052 Staret

512 3172 773 3248 cclxxxvltl.

171 3319 302 3376 eneruis
327 3321 379 3374 FF.
405 3319 645 3374 CALCEATORUH
671 3316 900 3374 stucalssnrte
924 3313 1106 3370 reuolutus

405 3431 642 3486 REDEMPTIONIS
669 3430 877 3488 elerlvoeuu

107 3535 181 3611 Cum
205 3541 295 3614 siunt
318 3539 505 3613 humillime
521 3537 753 3631 exponebatur
772 3557 792 3610 a
808 3539 861 3610 Fr.
879 3534 1023 3610 Antonio
1039 3536 1177 3609 lloreuo
1194 3536 1262 3610 llo

55 3643 119 3717 rates
131 3649 360 3726 vieeeuratore
378 3650 534 3726 Generali
551 3650 686 3724 Ordinis
700 3650 929 3724 caseatorum
946 3649 1181 3723 Sanctissimae
1192 3648 1262 3720 l'ri·

55 3754 139 3830 uuus
159 3763 409 3857 Redemptionis
435 3762 652 3857 Captivorum
681 3761 813 3836 Fratres
838 3760 990 3854 ejusdem
1016 3759 1150 3834 Ordinis
1179 3775 1259 3832 oon·

56 3871 176 3947 uerbse
207 3877 337 3968 elargiri
372 3875 628 3949 Absolutionem
662 3875 851 3968 generalem
874 3876 943 3966 jam
976 3873 1192 3967 approbatam
1217 3870 1261 3945 ab

57 3973 212 4068 lpostonm
236 3988 326 4063 Sede
351 3987 386 4060 in
412 3993 544 4080 septem
568 4005 631 4080 per
646 4005 773 4061 annum
797 3986 929 4068 diebus,
946 3985 1104 4058 nimirum
1121 3985 1156 4057 in
1173 3983 1259 4058 iesto

57 4085 259 4208 lambrione
282 4100 462 4185 Trinitatis,
476 4099 524 4200 ‘in
547 4099 629 4173 ieria
649 4105 767 4192 quarte
788 4098 956 4180 Ginemm,
982 4096 1017 4168 in
1041 4096 1122 4170 teria
1139 4096 1257 4187 quinta

59 4203 198 4284 ffltoena
221 4213 366 4297 bomini,
392 4212 426 4285 io
452 4211 538 4286 testo
563 4213 598 4285 S.
625 4210 821 4286 Calaminae
844 4209 886 4284 ll.
912 4214 945 4282 et
969 4209 1032 4298 ll.;
1057 4207 1092 4280 S.
1118 4205 1256 4299 Agnetis

58 4307 184 4398 &uodo
205 4330 240 4400 et
261 4325 296 4402 in
322 4324 444 4402 diebus
468 4323 562 4406 lestis
587 4323 622 4401 S.
652 4321 789 4400 loannis
820 4321 864 4399 de
889 4319 998 4398 blatba
1024 4323 1058 4396 et
1083 4318 1117 4394 S.
1139 4316 1258 4396 Felio'u
