<?xml version="1.0" encoding="UTF-8"?>
<!DOCTYPE html PUBLIC "-//W3C//DTD XHTML 1.0 Transitional//EN"
    "http://www.w3.org/TR/xhtml1/DTD/xhtml1-transitional.dtd">
<html xmlns="http://www.w3.org/1999/xhtml" xml:lang="en" lang="en">
 <head>
  <title>
</title>
<meta http-equiv="Content-Type" content="text/html;charset=utf-8" />
  <meta name='ocr-system' content='tesseract 3.04.00' />
  <meta name='ocr-capabilities' content='ocr_page ocr_carea ocr_par ocr_line ocrx_word'/>
</head>
<body>
  <div class='ocr_page' id='page_1' title='image "./resolutionesseu00pringoog_0389.png"; bbox 0 0 3134 4918; ppageno 0'>
   <div class='ocr_carea' id='block_1_1' title="bbox 239 317 1482 1780">
    <p class='ocr_par' dir='ltr' id='par_1_1' title="bbox 239 317 1482 1780">
     <span class='ocr_line' id='line_1_1' title="bbox 750 317 968 383; baseline -0.005 0"><span class='ocrx_word' id='word_1_1' title='bbox 750 349 797 365; x_wconf 89' lang='lat'>-</span> <span class='ocrx_word' id='word_1_2' title='bbox 824 317 894 383; x_wconf 79' lang='lat'><strong>382</strong></span> <span class='ocrx_word' id='word_1_3' title='bbox 921 349 968 365; x_wconf 88' lang='lat'><strong>-</strong></span> 
     </span>
     <span class='ocr_line' id='line_1_2' title="bbox 239 451 1480 548; baseline 0.005 -23"><span class='ocrx_word' id='word_1_4' title='bbox 239 452 357 525; x_wconf 73' lang='lat' dir='ltr'><strong>morbo</strong></span> <span class='ocrx_word' id='word_1_5' title='bbox 382 451 495 524; x_wconf 87' lang='lat' dir='ltr'><strong>notitia</strong></span> <span class='ocrx_word' id='word_1_6' title='bbox 519 451 709 544; x_wconf 78' lang='lat' dir='ltr'><strong>pervenerit</strong></span> <span class='ocrx_word' id='word_1_7' title='bbox 732 453 937 544; x_wconf 73' lang='lat' dir='ltr'><strong>privilegiata</strong></span> <span class='ocrx_word' id='word_1_8' title='bbox 960 452 1112 525; x_wconf 88' lang='lat' dir='ltr'><strong>similiter</strong></span> <span class='ocrx_word' id='word_1_9' title='bbox 1140 469 1203 545; x_wconf 90' lang='lat' dir='ltr'><strong>pro</strong></span> <span class='ocrx_word' id='word_1_10' title='bbox 1227 453 1292 526; x_wconf 79' lang='lat' dir='ltr'><strong>itte</strong></span> <span class='ocrx_word' id='word_1_11' title='bbox 1318 453 1480 548; x_wconf 82' lang='lat' dir='ltr'><strong>diguatus</strong></span> 
     </span>
     <span class='ocr_line' id='line_1_3' title="bbox 240 563 1481 643; baseline 0.004 -5"><span class='ocrx_word' id='word_1_12' title='bbox 240 571 293 638; x_wconf 72' lang='lat' dir='ltr'><strong>ast</strong></span> <span class='ocrx_word' id='word_1_13' title='bbox 316 563 495 638; x_wconf 87' lang='lat' dir='ltr'><strong>declarare.</strong></span> <span class='ocrx_word' id='word_1_14' title='bbox 520 563 563 638; x_wconf 84' lang='lat' dir='ltr'><strong>Et</strong></span> <span class='ocrx_word' id='word_1_15' title='bbox 588 564 723 637; x_wconf 90' lang='lat' dir='ltr'><strong>tandem</strong></span> <span class='ocrx_word' id='word_1_16' title='bbox 747 584 792 638; x_wconf 94' lang='lat' dir='ltr'><strong>ne</strong></span> <span class='ocrx_word' id='word_1_17' title='bbox 816 566 992 638; x_wconf 81' lang='lat' dir='ltr'><strong>animabus</strong></span> <span class='ocrx_word' id='word_1_18' title='bbox 1017 566 1081 637; x_wconf 88' lang='lat' dir='ltr'><strong>illis</strong></span> <span class='ocrx_word' id='word_1_19' title='bbox 1112 565 1329 640; x_wconf 67' lang='lat' dir='ltr'><strong>debanoetur</strong></span> <span class='ocrx_word' id='word_1_20' title='bbox 1359 571 1481 643; x_wconf 77' lang='lat' dir='ltr'><strong>andra</strong></span> 
     </span>
     <span class='ocr_line' id='line_1_4' title="bbox 240 677 1480 775; baseline 0.004 -24"><span class='ocrx_word' id='word_1_21' title='bbox 240 677 333 770; x_wconf 66' lang='lat' dir='ltr'><strong>mom</strong></span> <span class='ocrx_word' id='word_1_22' title='bbox 364 678 399 749; x_wconf 92' lang='lat' dir='ltr'><strong>in</strong></span> <span class='ocrx_word' id='word_1_23' title='bbox 431 678 699 770; x_wconf 90' lang='lat' dir='ltr'><strong>supraenunciati</strong></span> <span class='ocrx_word' id='word_1_24' title='bbox 731 679 866 762; x_wconf 88' lang='lat' dir='ltr'><strong>Ordinis</strong></span> <span class='ocrx_word' id='word_1_25' title='bbox 898 679 1198 752; x_wconf 77' lang='lat' dir='ltr'><strong>constitutionibus</strong></span> <span class='ocrx_word' id='word_1_26' title='bbox 1230 682 1480 775; x_wconf 80' lang='lat' dir='ltr'><strong>praescriptum</strong></span> 
     </span>
     <span class='ocr_line' id='line_1_5' title="bbox 239 789 1479 882; baseline 0.005 -18"><span class='ocrx_word' id='word_1_27' title='bbox 239 789 377 864; x_wconf 82' lang='lat' dir='ltr'><strong>indulsit</strong></span> <span class='ocrx_word' id='word_1_28' title='bbox 400 796 439 864; x_wconf 93' lang='lat' dir='ltr'><strong>nt</strong></span> <span class='ocrx_word' id='word_1_29' title='bbox 462 791 491 862; x_wconf 93' lang='lat' dir='ltr'><strong>si</strong></span> <span class='ocrx_word' id='word_1_30' title='bbox 516 790 689 882; x_wconf 71' lang='lat' dir='ltr'><strong>Religion,</strong></span> <span class='ocrx_word' id='word_1_31' title='bbox 715 792 816 864; x_wconf 88' lang='lat' dir='ltr'><strong>simul</strong></span> <span class='ocrx_word' id='word_1_32' title='bbox 841 797 874 864; x_wconf 93' lang='lat' dir='ltr'><strong>et</strong></span> <span class='ocrx_word' id='word_1_33' title='bbox 898 791 1090 864; x_wconf 82' lang='lat' dir='ltr'><strong>Contratres</strong></span> <span class='ocrx_word' id='word_1_34' title='bbox 1122 795 1158 863; x_wconf 92' lang='lat' dir='ltr'><strong>in</strong></span> <span class='ocrx_word' id='word_1_35' title='bbox 1184 811 1251 865; x_wconf 89' lang='lat' dir='ltr'><strong>ona</strong></span> <span class='ocrx_word' id='word_1_36' title='bbox 1275 812 1321 866; x_wconf 83' lang='lat' dir='ltr'><strong>ex</strong></span> <span class='ocrx_word' id='word_1_37' title='bbox 1345 812 1479 870; x_wconf 78' lang='lat' dir='ltr'><strong>memo</strong></span> 
     </span>
     <span class='ocr_line' id='line_1_6' title="bbox 240 901 1480 996; baseline 0.004 -21"><span class='ocrx_word' id='word_1_38' title='bbox 240 903 321 975; x_wconf 90' lang='lat' dir='ltr'><strong>ratis</strong></span> <span class='ocrx_word' id='word_1_39' title='bbox 346 901 467 974; x_wconf 87' lang='lat' dir='ltr'><strong>diebus</strong></span> <span class='ocrx_word' id='word_1_40' title='bbox 492 901 537 974; x_wconf 96' lang='lat' dir='ltr'><strong>ob</strong></span> <span class='ocrx_word' id='word_1_41' title='bbox 561 902 746 992; x_wconf 88' lang='lat' dir='ltr'><strong>legitimum</strong></span> <span class='ocrx_word' id='word_1_42' title='bbox 772 902 906 994; x_wconf 82' lang='lat' dir='ltr'><strong>aliquod</strong></span> <span class='ocrx_word' id='word_1_43' title='bbox 926 903 1051 994; x_wconf 86' lang='lat' dir='ltr'><strong>proprii</strong></span> <span class='ocrx_word' id='word_1_44' title='bbox 1075 901 1176 974; x_wconf 84' lang='lat' dir='ltr'><strong>officii</strong></span> <span class='ocrx_word' id='word_1_45' title='bbox 1196 903 1480 996; x_wconf 87' lang='lat' dir='ltr'><strong>impedimentum</strong></span> 
     </span>
     <span class='ocr_line' id='line_1_7' title="bbox 239 1013 1481 1110; baseline 0.005 -24"><span class='ocrx_word' id='word_1_46' title='bbox 239 1014 417 1088; x_wconf 91' lang='lat' dir='ltr'><strong>animabus</strong></span> <span class='ocrx_word' id='word_1_47' title='bbox 442 1014 524 1106; x_wconf 87' lang='lat' dir='ltr'><strong>ipsis</strong></span> <span class='ocrx_word' id='word_1_48' title='bbox 546 1015 663 1106; x_wconf 77' lang='lat' dir='ltr'><strong>iurare</strong></span> <span class='ocrx_word' id='word_1_49' title='bbox 688 1015 825 1087; x_wconf 92' lang='lat' dir='ltr'><strong>minime</strong></span> <span class='ocrx_word' id='word_1_50' title='bbox 850 1016 990 1106; x_wconf 88' lang='lat' dir='ltr'><strong>possint,</strong></span> <span class='ocrx_word' id='word_1_51' title='bbox 1015 1014 1124 1106; x_wconf 89' lang='lat' dir='ltr'><strong>prima</strong></span> <span class='ocrx_word' id='word_1_52' title='bbox 1150 1013 1205 1087; x_wconf 91' lang='lat' dir='ltr'><strong>die</strong></span> <span class='ocrx_word' id='word_1_53' title='bbox 1229 1033 1299 1088; x_wconf 88' lang='lat' dir='ltr'><strong>non</strong></span> <span class='ocrx_word' id='word_1_54' title='bbox 1316 1018 1481 1110; x_wconf 93' lang='lat' dir='ltr'><strong>impedita</strong></span> 
     </span>
     <span class='ocr_line' id='line_1_8' title="bbox 240 1127 1481 1221; baseline 0.005 -21"><span class='ocrx_word' id='word_1_55' title='bbox 240 1127 416 1202; x_wconf 88' lang='lat' dir='ltr'><strong>inearum</strong></span> <span class='ocrx_word' id='word_1_56' title='bbox 441 1128 567 1210; x_wconf 88' lang='lat' dir='ltr'><strong>solatio,</strong></span> <span class='ocrx_word' id='word_1_57' title='bbox 594 1127 712 1200; x_wconf 89' lang='lat' dir='ltr'><strong>eodem</strong></span> <span class='ocrx_word' id='word_1_58' title='bbox 739 1128 905 1219; x_wconf 81' lang='lat' dir='ltr'><strong>gaudeant</strong></span> <span class='ocrx_word' id='word_1_59' title='bbox 931 1128 1111 1219; x_wconf 88' lang='lat' dir='ltr'><strong>privilegio.</strong></span> <span class='ocrx_word' id='word_1_60' title='bbox 1142 1127 1184 1198; x_wconf 85' lang='lat' dir='ltr'><strong>Et</strong></span> <span class='ocrx_word' id='word_1_61' title='bbox 1208 1145 1253 1200; x_wconf 90' lang='lat' dir='ltr'><strong>ne</strong></span> <span class='ocrx_word' id='word_1_62' title='bbox 1281 1129 1481 1221; x_wconf 84' lang='lat' dir='ltr'><strong>hujusmodi</strong></span> 
     </span>
     <span class='ocr_line' id='line_1_9' title="bbox 239 1240 1482 1336; baseline 0.002 -23"><span class='ocrx_word' id='word_1_63' title='bbox 239 1241 489 1334; x_wconf 80' lang='lat' dir='ltr'><strong>privilegiorum</strong></span> <span class='ocrx_word' id='word_1_64' title='bbox 520 1242 679 1312; x_wconf 90' lang='lat' dir='ltr'><strong>memoria</strong></span> <span class='ocrx_word' id='word_1_65' title='bbox 704 1242 865 1334; x_wconf 86' lang='lat' dir='ltr'><strong>temporis</strong></span> <span class='ocrx_word' id='word_1_66' title='bbox 890 1241 984 1332; x_wconf 86' lang='lat' dir='ltr'><strong>lapsu</strong></span> <span class='ocrx_word' id='word_1_67' title='bbox 1011 1240 1169 1313; x_wconf 83' lang='lat' dir='ltr'><strong>oblivioni</strong></span> <span class='ocrx_word' id='word_1_68' title='bbox 1195 1240 1376 1315; x_wconf 91' lang='lat' dir='ltr'><strong>mandetur</strong></span> <span class='ocrx_word' id='word_1_69' title='bbox 1401 1262 1482 1336; x_wconf 90' lang='lat' dir='ltr'><strong>per·</strong></span> 
     </span>
     <span class='ocr_line' id='line_1_10' title="bbox 240 1351 1480 1448; baseline 0.002 -20"><span class='ocrx_word' id='word_1_70' title='bbox 240 1355 350 1446; x_wconf 88' lang='lat' dir='ltr'><strong>petuis</strong></span> <span class='ocrx_word' id='word_1_71' title='bbox 375 1354 493 1426; x_wconf 90' lang='lat' dir='ltr'><strong>lntnris</strong></span> <span class='ocrx_word' id='word_1_72' title='bbox 519 1355 726 1446; x_wconf 82' lang='lat' dir='ltr'><strong>temporibus</strong></span> <span class='ocrx_word' id='word_1_73' title='bbox 752 1355 824 1446; x_wconf 88' lang='lat' dir='ltr'><strong>ipsa</strong></span> <span class='ocrx_word' id='word_1_74' title='bbox 850 1355 1015 1446; x_wconf 90' lang='lat' dir='ltr'><strong>impertita</strong></span> <span class='ocrx_word' id='word_1_75' title='bbox 1041 1351 1145 1424; x_wconf 81' lang='lat' dir='ltr'><strong>voluit</strong></span> <span class='ocrx_word' id='word_1_76' title='bbox 1161 1357 1195 1424; x_wconf 93' lang='lat' dir='ltr'><strong>et</strong></span> <span class='ocrx_word' id='word_1_77' title='bbox 1210 1355 1325 1427; x_wconf 89' lang='lat' dir='ltr'><strong>statuit</strong></span> <span class='ocrx_word' id='word_1_78' title='bbox 1346 1355 1480 1448; x_wconf 83' lang='lat' dir='ltr'><strong>absquo</strong></span> 
     </span>
     <span class='ocr_line' id='line_1_11' title="bbox 239 1464 1481 1558; baseline 0.003 -20"><span class='ocrx_word' id='word_1_79' title='bbox 239 1466 306 1538; x_wconf 93' lang='lat' dir='ltr'><strong>nlla</strong></span> <span class='ocrx_word' id='word_1_80' title='bbox 331 1467 445 1538; x_wconf 80' lang='lat' dir='ltr'><strong>Brevis</strong></span> <span class='ocrx_word' id='word_1_81' title='bbox 470 1465 693 1558; x_wconf 79' lang='lat' dir='ltr'><strong>expeditione.</strong></span> <span class='ocrx_word' id='word_1_82' title='bbox 719 1465 840 1538; x_wconf 85' lang='lat' dir='ltr'><strong>Datum</strong></span> <span class='ocrx_word' id='word_1_83' title='bbox 866 1468 992 1536; x_wconf 83' lang='lat' dir='ltr'><strong>Romae</strong></span> <span class='ocrx_word' id='word_1_84' title='bbox 1017 1483 1059 1536; x_wconf 83' lang='lat' dir='ltr'><strong>er</strong></span> <span class='ocrx_word' id='word_1_85' title='bbox 1086 1464 1270 1536; x_wconf 83' lang='lat' dir='ltr'><strong>Secretaria</strong></span> <span class='ocrx_word' id='word_1_86' title='bbox 1296 1466 1481 1542; x_wconf 74' lang='lat' dir='ltr'><strong>Section</strong></span> 
     </span>
     <span class='ocr_line' id='line_1_12' title="bbox 239 1577 1468 1670; baseline -0.002 -22"><span class='ocrx_word' id='word_1_87' title='bbox 239 1578 439 1670; x_wconf 86' lang='lat' dir='ltr'><strong>gregatienis</strong></span> <span class='ocrx_word' id='word_1_88' title='bbox 463 1578 592 1669; x_wconf 89' lang='lat' dir='ltr'><strong>ludnlg.</strong></span> <span class='ocrx_word' id='word_1_89' title='bbox 618 1578 673 1651; x_wconf 90' lang='lat' dir='ltr'><strong>die</strong></span> <span class='ocrx_word' id='word_1_90' title='bbox 701 1583 745 1648; x_wconf 77' lang='lat' dir='ltr'><strong>lb</strong></span> <span class='ocrx_word' id='word_1_91' title='bbox 772 1577 942 1648; x_wconf 83' lang='lat' dir='ltr'><strong>Februarii</strong></span> <span class='ocrx_word' id='word_1_92' title='bbox 970 1579 1076 1647; x_wconf 76' lang='lat' dir='ltr'><strong>l832.</strong></span> <span class='ocrx_word' id='word_1_93' title='bbox 1446 1599 1468 1634; x_wconf 65' lang='grc' dir='ltr'>υ</span> 
     </span>
     <span class='ocr_line' id='line_1_13' title="bbox 798 1687 1455 1780; baseline 0.003 -20"><span class='ocrx_word' id='word_1_94' title='bbox 798 1691 839 1760; x_wconf 84' lang='grc' dir='ltr'><strong>Α.</strong></span> <span class='ocrx_word' id='word_1_95' title='bbox 865 1687 1023 1780; x_wconf 81' lang='lat' dir='ltr'><strong>Arcbiep.</strong></span> <span class='ocrx_word' id='word_1_96' title='bbox 1055 1689 1297 1779; x_wconf 81' lang='lat' dir='ltr'><strong>Trapezontic.</strong></span> <span class='ocrx_word' id='word_1_97' title='bbox 1326 1691 1455 1764; x_wconf 80' lang='lat' dir='ltr'><strong>secret.</strong></span> 
     </span>
    </p>
   </div>
   <div class='ocr_carea' id='block_1_2' title="bbox 730 1885 981 2082">
    <p class='ocr_par' dir='ltr' id='par_1_2' title="bbox 730 1885 981 2082">
     <span class='ocr_line' id='line_1_14' title="bbox 771 1885 938 1957; baseline 0.006 -1"><span class='ocrx_word' id='word_1_98' title='bbox 771 1885 938 1957; x_wconf 87' lang='lat' dir='ltr'><strong>CDLVlll.</strong></span> 
     </span>
     <span class='ocr_line' id='line_1_15' title="bbox 730 2030 981 2082; baseline 0 0"><span class='ocrx_word' id='word_1_99' title='bbox 730 2030 981 2082; x_wconf 72' lang='lat' dir='ltr'><strong>sponsorio.</strong></span> 
     </span>
    </p>
   </div>
   <div class='ocr_carea' id='block_1_3' title="bbox 238 2134 1482 4358">
    <p class='ocr_par' dir='ltr' id='par_1_3' title="bbox 238 2134 1482 4249">
     <span class='ocr_line' id='line_1_16' title="bbox 313 2134 1480 2229; baseline -0.001 -18"><span class='ocrx_word' id='word_1_100' title='bbox 313 2137 365 2212; x_wconf 76' lang='lat' dir='ltr'><strong>bd</strong></span> <span class='ocrx_word' id='word_1_101' title='bbox 389 2138 591 2210; x_wconf 90' lang='lat' dir='ltr'><strong>humillimas</strong></span> <span class='ocrx_word' id='word_1_102' title='bbox 617 2155 735 2229; x_wconf 91' lang='lat' dir='ltr'><strong>preces</strong></span> <span class='ocrx_word' id='word_1_103' title='bbox 761 2137 1002 2208; x_wconf 80' lang='lat' dir='ltr'><strong>serenissimae</strong></span> <span class='ocrx_word' id='word_1_104' title='bbox 1019 2135 1141 2207; x_wconf 86' lang='lat' dir='ltr'><strong>Mariae</strong></span> <span class='ocrx_word' id='word_1_105' title='bbox 1165 2134 1397 2210; x_wconf 84' lang='lat' dir='ltr'><strong>Ferdinandae</strong></span> <span class='ocrx_word' id='word_1_106' title='bbox 1413 2139 1480 2212; x_wconf 88' lang='lat' dir='ltr'><strong>lla-</strong></span> 
     </span>
     <span class='ocr_line' id='line_1_17' title="bbox 240 2247 1479 2343; baseline 0 -21"><span class='ocrx_word' id='word_1_107' title='bbox 240 2269 325 2343; x_wconf 85' lang='lat' dir='ltr'><strong>gnae</strong></span> <span class='ocrx_word' id='word_1_108' title='bbox 349 2249 509 2322; x_wconf 76' lang='lat' dir='ltr'><strong>lindissae</strong></span> <span class='ocrx_word' id='word_1_109' title='bbox 534 2249 663 2322; x_wconf 88' lang='lat' dir='ltr'><strong>Viduae</strong></span> <span class='ocrx_word' id='word_1_110' title='bbox 681 2247 723 2320; x_wconf 90' lang='lat' dir='ltr'><strong>de</strong></span> <span class='ocrx_word' id='word_1_111' title='bbox 740 2249 893 2320; x_wconf 89' lang='lat' dir='ltr'><strong>Hetruria</strong></span> <span class='ocrx_word' id='word_1_112' title='bbox 914 2247 1151 2319; x_wconf 89' lang='lat' dir='ltr'><strong>Sanctissimns</strong></span> <span class='ocrx_word' id='word_1_113' title='bbox 1177 2248 1341 2320; x_wconf 84' lang='lat' dir='ltr'><strong>Dominus</strong></span> <span class='ocrx_word' id='word_1_114' title='bbox 1357 2249 1479 2322; x_wconf 81' lang='lat' dir='ltr'><strong>Noster</strong></span> 
     </span>
     <span class='ocr_line' id='line_1_18' title="bbox 240 2359 1478 2454; baseline 0 -20"><span class='ocrx_word' id='word_1_115' title='bbox 240 2362 419 2454; x_wconf 77' lang='lat' dir='ltr'><strong>Gregorius</strong></span> <span class='ocrx_word' id='word_1_116' title='bbox 446 2362 506 2434; x_wconf 89' lang='lat' dir='ltr'><strong>PP.</strong></span> <span class='ocrx_word' id='word_1_117' title='bbox 533 2362 609 2432; x_wconf 87' lang='lat' dir='ltr'><strong>XVI</strong></span> <span class='ocrx_word' id='word_1_118' title='bbox 635 2379 788 2433; x_wconf 89' lang='lat' dir='ltr'><strong>annuens</strong></span> <span class='ocrx_word' id='word_1_119' title='bbox 814 2360 994 2432; x_wconf 89' lang='lat' dir='ltr'><strong>clementor</strong></span> <span class='ocrx_word' id='word_1_120' title='bbox 1019 2359 1157 2432; x_wconf 87' lang='lat' dir='ltr'><strong>indulsit</strong></span> <span class='ocrx_word' id='word_1_121' title='bbox 1182 2365 1220 2432; x_wconf 92' lang='lat' dir='ltr'><strong>ut</strong></span> <span class='ocrx_word' id='word_1_122' title='bbox 1236 2359 1387 2434; x_wconf 81' lang='lat' dir='ltr'><strong>Civitatis</strong></span> <span class='ocrx_word' id='word_1_123' title='bbox 1404 2362 1478 2434; x_wconf 83' lang='lat' dir='ltr'><strong>Flo-</strong></span> 
     </span>
     <span class='ocr_line' id='line_1_19' title="bbox 240 2471 1482 2566; baseline -0.002 -18"><span class='ocrx_word' id='word_1_124' title='bbox 240 2476 360 2548; x_wconf 92' lang='lat' dir='ltr'><strong>rentin.</strong></span> <span class='ocrx_word' id='word_1_125' title='bbox 386 2493 448 2566; x_wconf 91' lang='lat' dir='ltr'><strong>pro</strong></span> <span class='ocrx_word' id='word_1_126' title='bbox 474 2482 624 2566; x_wconf 91' lang='lat' dir='ltr'><strong>tempore</strong></span> <span class='ocrx_word' id='word_1_127' title='bbox 648 2473 930 2565; x_wconf 82' lang='lat' dir='ltr'><strong>Arcbiepisoopns</strong></span> <span class='ocrx_word' id='word_1_128' title='bbox 955 2471 1156 2544; x_wconf 87' lang='lat' dir='ltr'><strong>benedicere</strong></span> <span class='ocrx_word' id='word_1_129' title='bbox 1180 2473 1288 2565; x_wconf 88' lang='lat' dir='ltr'><strong>possit</strong></span> <span class='ocrx_word' id='word_1_130' title='bbox 1313 2479 1348 2546; x_wconf 93' lang='lat' dir='ltr'><strong>et</strong></span> <span class='ocrx_word' id='word_1_131' title='bbox 1372 2475 1482 2548; x_wconf 80' lang='lat' dir='ltr'><strong>valeat</strong></span> 
     </span>
     <span class='ocr_line' id='line_1_20' title="bbox 238 2585 1479 2678; baseline -0.002 -17"><span class='ocrx_word' id='word_1_132' title='bbox 238 2587 435 2670; x_wconf 78' lang='lat' dir='ltr'><strong>Crucifixus,</strong></span> <span class='ocrx_word' id='word_1_133' title='bbox 462 2587 658 2678; x_wconf 84' lang='lat' dir='ltr'><strong>eisdemque</strong></span> <span class='ocrx_word' id='word_1_134' title='bbox 684 2585 869 2678; x_wconf 87' lang='lat' dir='ltr'><strong>applicandi</strong></span> <span class='ocrx_word' id='word_1_135' title='bbox 896 2603 1015 2657; x_wconf 90' lang='lat' dir='ltr'><strong>omnes</strong></span> <span class='ocrx_word' id='word_1_136' title='bbox 1040 2585 1228 2658; x_wconf 84' lang='lat' dir='ltr'><strong>Stationem</strong></span> <span class='ocrx_word' id='word_1_137' title='bbox 1252 2585 1335 2658; x_wconf 88' lang='lat' dir='ltr'><strong>Viae</strong></span> <span class='ocrx_word' id='word_1_138' title='bbox 1359 2585 1479 2658; x_wconf 89' lang='lat' dir='ltr'><strong>Crucis</strong></span> 
     </span>
     <span class='ocr_line' id='line_1_21' title="bbox 240 2695 1479 2791; baseline -0.002 -18"><span class='ocrx_word' id='word_1_139' title='bbox 240 2700 483 2791; x_wconf 90' lang='lat' dir='ltr'><strong>ludolgentias,</strong></span> <span class='ocrx_word' id='word_1_140' title='bbox 510 2701 679 2791; x_wconf 90' lang='lat' dir='ltr'><strong>aoqoiren.</strong></span> <span class='ocrx_word' id='word_1_141' title='bbox 707 2700 812 2771; x_wconf 91' lang='lat' dir='ltr'><strong>abiis</strong></span> <span class='ocrx_word' id='word_1_142' title='bbox 838 2704 966 2770; x_wconf 90' lang='lat' dir='ltr'><strong>tantum</strong></span> <span class='ocrx_word' id='word_1_143' title='bbox 993 2715 1036 2767; x_wconf 81' lang='lat' dir='ltr'><strong>ex</strong></span> <span class='ocrx_word' id='word_1_144' title='bbox 1062 2695 1139 2768; x_wconf 89' lang='lat' dir='ltr'><strong>Piae</strong></span> <span class='ocrx_word' id='word_1_145' title='bbox 1164 2697 1350 2781; x_wconf 79' lang='lat' dir='ltr'><strong>societatis,</strong></span> <span class='ocrx_word' id='word_1_146' title='bbox 1376 2715 1479 2770; x_wconf 88' lang='lat' dir='ltr'><strong>cauo-</strong></span> 
     </span>
     <span class='ocr_line' id='line_1_22' title="bbox 239 2807 1479 2901; baseline -0.003 -17"><span class='ocrx_word' id='word_1_147' title='bbox 239 2812 315 2885; x_wconf 88' lang='lat' dir='ltr'><strong>nice</strong></span> <span class='ocrx_word' id='word_1_148' title='bbox 340 2817 452 2884; x_wconf 91' lang='lat' dir='ltr'><strong>tamen</strong></span> <span class='ocrx_word' id='word_1_149' title='bbox 478 2818 618 2896; x_wconf 83' lang='lat' dir='ltr'><strong>erectae,</strong></span> <span class='ocrx_word' id='word_1_150' title='bbox 644 2812 697 2884; x_wconf 87' lang='lat' dir='ltr'><strong>vel</strong></span> <span class='ocrx_word' id='word_1_151' title='bbox 723 2811 848 2901; x_wconf 89' lang='lat' dir='ltr'><strong>erigen.</strong></span> <span class='ocrx_word' id='word_1_152' title='bbox 874 2809 940 2880; x_wconf 92' lang='lat' dir='ltr'><strong>snb</strong></span> <span class='ocrx_word' id='word_1_153' title='bbox 965 2807 1099 2899; x_wconf 90' lang='lat' dir='ltr'><strong>speciali</strong></span> <span class='ocrx_word' id='word_1_154' title='bbox 1126 2808 1311 2880; x_wconf 88' lang='lat' dir='ltr'><strong>Patrocinio</strong></span> <span class='ocrx_word' id='word_1_155' title='bbox 1338 2809 1479 2880; x_wconf 85' lang='lat' dir='ltr'><strong>Patriar·</strong></span> 
     </span>
     <span class='ocr_line' id='line_1_23' title="bbox 239 2918 1480 3016; baseline -0.002 -20"><span class='ocrx_word' id='word_1_156' title='bbox 239 2923 324 2996; x_wconf 93' lang='lat' dir='ltr'><strong>cbae</strong></span> <span class='ocrx_word' id='word_1_157' title='bbox 347 2923 382 2995; x_wconf 88' lang='lat' dir='ltr'><strong>S.</strong></span> <span class='ocrx_word' id='word_1_158' title='bbox 408 2924 544 3016; x_wconf 90' lang='lat' dir='ltr'><strong>losepb,</strong></span> <span class='ocrx_word' id='word_1_159' title='bbox 571 2921 826 3004; x_wconf 79' lang='lat' dir='ltr'><strong>consororibus,</strong></span> <span class='ocrx_word' id='word_1_160' title='bbox 852 2920 1050 3002; x_wconf 85' lang='lat' dir='ltr'><strong>visitationi,</strong></span> <span class='ocrx_word' id='word_1_161' title='bbox 1069 2925 1102 2991; x_wconf 90' lang='lat' dir='ltr'><strong>et</strong></span> <span class='ocrx_word' id='word_1_162' title='bbox 1118 2918 1338 2992; x_wconf 71' lang='lat' dir='ltr'><strong>assistentiae</strong></span> <span class='ocrx_word' id='word_1_163' title='bbox 1353 2920 1480 3012; x_wconf 80' lang='lat' dir='ltr'><strong>Aegro</strong></span> 
     </span>
     <span class='ocr_line' id='line_1_24' title="bbox 240 3031 1482 3110; baseline -0.002 -1"><span class='ocrx_word' id='word_1_164' title='bbox 240 3042 352 3110; x_wconf 90' lang='lat' dir='ltr'><strong>torum</strong></span> <span class='ocrx_word' id='word_1_165' title='bbox 379 3035 421 3108; x_wconf 91' lang='lat' dir='ltr'><strong>de</strong></span> <span class='ocrx_word' id='word_1_166' title='bbox 447 3036 580 3109; x_wconf 92' lang='lat' dir='ltr'><strong>duobos</strong></span> <span class='ocrx_word' id='word_1_167' title='bbox 605 3037 713 3108; x_wconf 80' lang='lat' dir='ltr'><strong>dicme</strong></span> <span class='ocrx_word' id='word_1_168' title='bbox 738 3033 911 3108; x_wconf 78' lang='lat' dir='ltr'><strong>societatis</strong></span> <span class='ocrx_word' id='word_1_169' title='bbox 943 3031 1150 3105; x_wconf 90' lang='lat' dir='ltr'><strong>Nosocomiis</strong></span> <span class='ocrx_word' id='word_1_170' title='bbox 1176 3032 1235 3104; x_wconf 90' lang='lat' dir='ltr'><strong>SS.</strong></span> <span class='ocrx_word' id='word_1_171' title='bbox 1262 3032 1422 3106; x_wconf 87' lang='lat' dir='ltr'><strong>Bonilacii</strong></span> <span class='ocrx_word' id='word_1_172' title='bbox 1448 3039 1482 3106; x_wconf 91' lang='lat' dir='ltr'><strong>et</strong></span> 
     </span>
     <span class='ocr_line' id='line_1_25' title="bbox 240 3143 1481 3236; baseline -0.003 -14"><span class='ocrx_word' id='word_1_173' title='bbox 240 3149 362 3223; x_wconf 88' lang='lat' dir='ltr'><strong>Lociae</strong></span> <span class='ocrx_word' id='word_1_174' title='bbox 391 3148 547 3231; x_wconf 79' lang='lat' dir='ltr'><strong>addictis,</strong></span> <span class='ocrx_word' id='word_1_175' title='bbox 574 3155 647 3222; x_wconf 93' lang='lat' dir='ltr'><strong>tom</strong></span> <span class='ocrx_word' id='word_1_176' title='bbox 672 3147 847 3220; x_wconf 79' lang='lat' dir='ltr'><strong>occasione</strong></span> <span class='ocrx_word' id='word_1_177' title='bbox 872 3145 954 3236; x_wconf 90' lang='lat' dir='ltr'><strong>ipsis</strong></span> <span class='ocrx_word' id='word_1_178' title='bbox 980 3144 1123 3235; x_wconf 84' lang='lat' dir='ltr'><strong>aegrotis</strong></span> <span class='ocrx_word' id='word_1_179' title='bbox 1153 3143 1376 3218; x_wconf 79' lang='lat' dir='ltr'><strong>inserviendis</strong></span> <span class='ocrx_word' id='word_1_180' title='bbox 1403 3163 1481 3218; x_wconf 90' lang='lat' dir='ltr'><strong>com</strong></span> 
     </span>
     <span class='ocr_line' id='line_1_26' title="bbox 241 3255 1479 3354; baseline -0.005 -20"><span class='ocrx_word' id='word_1_181' title='bbox 241 3263 275 3334; x_wconf 89' lang='lat' dir='ltr'><strong>in</strong></span> <span class='ocrx_word' id='word_1_182' title='bbox 300 3261 433 3344; x_wconf 85' lang='lat' dir='ltr'><strong>casibus</strong></span> <span class='ocrx_word' id='word_1_183' title='bbox 451 3261 609 3354; x_wconf 82' lang='lat' dir='ltr'><strong>physicae</strong></span> <span class='ocrx_word' id='word_1_184' title='bbox 627 3260 835 3340; x_wconf 81' lang='lat' dir='ltr'><strong>infirmitatis,</strong></span> <span class='ocrx_word' id='word_1_185' title='bbox 854 3259 906 3330; x_wconf 91' lang='lat' dir='ltr'><strong>vel</strong></span> <span class='ocrx_word' id='word_1_186' title='bbox 924 3258 1062 3348; x_wconf 86' lang='lat' dir='ltr'><strong>alicujus</strong></span> <span class='ocrx_word' id='word_1_187' title='bbox 1079 3255 1216 3346; x_wconf 82' lang='lat' dir='ltr'><strong>legitimi</strong></span> <span class='ocrx_word' id='word_1_188' title='bbox 1235 3257 1479 3349; x_wconf 84' lang='lat' dir='ltr'><strong>impedimenti,</strong></span> 
     </span>
     <span class='ocr_line' id='line_1_27' title="bbox 241 3367 1481 3463; baseline -0.006 -15"><span class='ocrx_word' id='word_1_189' title='bbox 241 3371 425 3448; x_wconf 92' lang='lat' dir='ltr'><strong>dnmmodo</strong></span> <span class='ocrx_word' id='word_1_190' title='bbox 450 3374 512 3444; x_wconf 90' lang='lat' dir='ltr'><strong>rite</strong></span> <span class='ocrx_word' id='word_1_191' title='bbox 537 3371 717 3463; x_wconf 89' lang='lat' dir='ltr'><strong>dispositae</strong></span> <span class='ocrx_word' id='word_1_192' title='bbox 743 3389 806 3443; x_wconf 90' lang='lat' dir='ltr'><strong>nec</strong></span> <span class='ocrx_word' id='word_1_193' title='bbox 831 3388 899 3441; x_wconf 90' lang='lat' dir='ltr'><strong>uon</strong></span> <span class='ocrx_word' id='word_1_194' title='bbox 925 3387 1030 3441; x_wconf 90' lang='lat' dir='ltr'><strong>onom</strong></span> <span class='ocrx_word' id='word_1_195' title='bbox 1057 3387 1100 3440; x_wconf 83' lang='lat' dir='ltr'><strong>ex</strong></span> <span class='ocrx_word' id='word_1_196' title='bbox 1128 3367 1350 3459; x_wconf 82' lang='lat' dir='ltr'><strong>praetendatis</strong></span> <span class='ocrx_word' id='word_1_197' title='bbox 1368 3369 1481 3442; x_wconf 88' lang='lat' dir='ltr'><strong>Cruci·</strong></span> 
     </span>
     <span class='ocr_line' id='line_1_28' title="bbox 240 3477 1478 3574; baseline -0.005 -16"><span class='ocrx_word' id='word_1_198' title='bbox 240 3485 319 3558; x_wconf 83' lang='lat' dir='ltr'><strong>llris</strong></span> <span class='ocrx_word' id='word_1_199' title='bbox 351 3484 507 3558; x_wconf 90' lang='lat' dir='ltr'><strong>manibus</strong></span> <span class='ocrx_word' id='word_1_200' title='bbox 539 3491 709 3567; x_wconf 88' lang='lat' dir='ltr'><strong>tenentes,</strong></span> <span class='ocrx_word' id='word_1_201' title='bbox 736 3483 849 3574; x_wconf 84' lang='lat' dir='ltr'><strong>viginti</strong></span> <span class='ocrx_word' id='word_1_202' title='bbox 878 3484 1000 3562; x_wconf 85' lang='lat' dir='ltr'><strong>Peter,</strong></span> <span class='ocrx_word' id='word_1_203' title='bbox 1027 3483 1097 3552; x_wconf 79' lang='lat' dir='ltr'><strong>Ace</strong></span> <span class='ocrx_word' id='word_1_204' title='bbox 1130 3483 1162 3552; x_wconf 87' lang='lat' dir='ltr'><strong>et</strong></span> <span class='ocrx_word' id='word_1_205' title='bbox 1196 3477 1338 3563; x_wconf 81' lang='lat' dir='ltr'><strong>Gloria,</strong></span> <span class='ocrx_word' id='word_1_206' title='bbox 1372 3499 1478 3553; x_wconf 92' lang='lat' dir='ltr'><strong>unum</strong></span> 
     </span>
     <span class='ocr_line' id='line_1_29' title="bbox 240 3592 1480 3688; baseline -0.006 -17"><span class='ocrx_word' id='word_1_207' title='bbox 240 3615 365 3688; x_wconf 90' lang='lat' dir='ltr'><strong>nempe</strong></span> <span class='ocrx_word' id='word_1_208' title='bbox 389 3615 451 3688; x_wconf 91' lang='lat' dir='ltr'><strong>pro</strong></span> <span class='ocrx_word' id='word_1_209' title='bbox 476 3597 624 3687; x_wconf 90' lang='lat' dir='ltr'><strong>qnalibet</strong></span> <span class='ocrx_word' id='word_1_210' title='bbox 649 3615 692 3669; x_wconf 86' lang='lat' dir='ltr'><strong>ex</strong></span> <span class='ocrx_word' id='word_1_211' title='bbox 718 3592 969 3686; x_wconf 88' lang='lat' dir='ltr'><strong>quatuordecim</strong></span> <span class='ocrx_word' id='word_1_212' title='bbox 1003 3593 1225 3676; x_wconf 84' lang='lat' dir='ltr'><strong>Statiootbus,</strong></span> <span class='ocrx_word' id='word_1_213' title='bbox 1260 3593 1411 3684; x_wconf 90' lang='lat' dir='ltr'><strong>quinque</strong></span> <span class='ocrx_word' id='word_1_214' title='bbox 1444 3594 1480 3664; x_wconf 92' lang='lat' dir='ltr'><strong>in</strong></span> 
     </span>
     <span class='ocr_line' id='line_1_30' title="bbox 241 3704 1477 3794; baseline -0.006 -12"><span class='ocrx_word' id='word_1_215' title='bbox 241 3709 533 3782; x_wconf 82' lang='lat' dir='ltr'><strong>sanctissimorum</strong></span> <span class='ocrx_word' id='word_1_216' title='bbox 560 3708 691 3780; x_wconf 87' lang='lat' dir='ltr'><strong>Domini</strong></span> <span class='ocrx_word' id='word_1_217' title='bbox 724 3707 910 3780; x_wconf 81' lang='lat' dir='ltr'><strong>Volucrum</strong></span> <span class='ocrx_word' id='word_1_218' title='bbox 942 3704 1157 3786; x_wconf 89' lang='lat' dir='ltr'><strong>memoriam,</strong></span> <span class='ocrx_word' id='word_1_219' title='bbox 1184 3721 1223 3774; x_wconf 89' lang='lat' dir='ltr'><strong>ac</strong></span> <span class='ocrx_word' id='word_1_220' title='bbox 1248 3722 1355 3788; x_wconf 89' lang='lat' dir='ltr'><strong>onom</strong></span> <span class='ocrx_word' id='word_1_221' title='bbox 1382 3704 1477 3794; x_wconf 82' lang='lat' dir='ltr'><strong>juxta</strong></span> 
     </span>
     <span class='ocr_line' id='line_1_31' title="bbox 241 3816 1478 3908; baseline -0.007 -12"><span class='ocrx_word' id='word_1_222' title='bbox 241 3827 389 3896; x_wconf 92' lang='lat' dir='ltr'><strong>mentem</strong></span> <span class='ocrx_word' id='word_1_223' title='bbox 415 3820 603 3893; x_wconf 82' lang='lat' dir='ltr'><strong>sanctitatis</strong></span> <span class='ocrx_word' id='word_1_224' title='bbox 629 3821 726 3903; x_wconf 90' lang='lat' dir='ltr'><strong>Suae,</strong></span> <span class='ocrx_word' id='word_1_225' title='bbox 753 3818 973 3892; x_wconf 81' lang='lat' dir='ltr'><strong>recitaverint.</strong></span> <span class='ocrx_word' id='word_1_226' title='bbox 1000 3816 1168 3888; x_wconf 88' lang='lat' dir='ltr'><strong>Praesenti</strong></span> <span class='ocrx_word' id='word_1_227' title='bbox 1195 3833 1240 3888; x_wconf 77' lang='lat' dir='ltr'><strong>ex</strong></span> <span class='ocrx_word' id='word_1_228' title='bbox 1273 3816 1376 3908; x_wconf 85' lang='lat' dir='ltr'><strong>gratia</strong></span> <span class='ocrx_word' id='word_1_229' title='bbox 1400 3833 1478 3908; x_wconf 80' lang='lat' dir='ltr'><strong>spe</strong></span> 
     </span>
     <span class='ocr_line' id='line_1_32' title="bbox 242 3927 1479 4025; baseline -0.005 -19"><span class='ocrx_word' id='word_1_230' title='bbox 242 3933 315 4006; x_wconf 88' lang='lat' dir='ltr'><strong>ciali</strong></span> <span class='ocrx_word' id='word_1_231' title='bbox 336 3934 369 4005; x_wconf 91' lang='lat' dir='ltr'><strong>iu</strong></span> <span class='ocrx_word' id='word_1_232' title='bbox 388 3939 587 4025; x_wconf 89' lang='lat' dir='ltr'><strong>perpetuom</strong></span> <span class='ocrx_word' id='word_1_233' title='bbox 605 3933 753 4016; x_wconf 84' lang='lat' dir='ltr'><strong>valituro,</strong></span> <span class='ocrx_word' id='word_1_234' title='bbox 773 3950 840 4003; x_wconf 90' lang='lat' dir='ltr'><strong>non</strong></span> <span class='ocrx_word' id='word_1_235' title='bbox 858 3927 1067 4002; x_wconf 89' lang='lat' dir='ltr'><strong>obstantibus</strong></span> <span class='ocrx_word' id='word_1_236' title='bbox 1086 3929 1119 3999; x_wconf 93' lang='lat' dir='ltr'><strong>in</strong></span> <span class='ocrx_word' id='word_1_237' title='bbox 1137 3929 1341 4000; x_wconf 89' lang='lat' dir='ltr'><strong>contrariom</strong></span> <span class='ocrx_word' id='word_1_238' title='bbox 1359 3928 1479 4000; x_wconf 86' lang='lat' dir='ltr'><strong>lacien-</strong></span> 
     </span>
     <span class='ocr_line' id='line_1_33' title="bbox 243 4039 1478 4136; baseline -0.004 -20"><span class='ocrx_word' id='word_1_239' title='bbox 243 4045 333 4118; x_wconf 89' lang='lat' dir='ltr'><strong>tibus</strong></span> <span class='ocrx_word' id='word_1_240' title='bbox 358 4044 638 4136; x_wconf 88' lang='lat' dir='ltr'><strong>quibuscumque.</strong></span> <span class='ocrx_word' id='word_1_241' title='bbox 665 4046 784 4115; x_wconf 83' lang='lat' dir='ltr'><strong>llatom</strong></span> <span class='ocrx_word' id='word_1_242' title='bbox 811 4045 935 4114; x_wconf 85' lang='lat' dir='ltr'><strong>Romae</strong></span> <span class='ocrx_word' id='word_1_243' title='bbox 961 4060 1005 4113; x_wconf 80' lang='lat' dir='ltr'><strong>ex</strong></span> <span class='ocrx_word' id='word_1_244' title='bbox 1031 4039 1214 4111; x_wconf 83' lang='lat' dir='ltr'><strong>secretaria</strong></span> <span class='ocrx_word' id='word_1_245' title='bbox 1241 4041 1315 4114; x_wconf 85' lang='lat' dir='ltr'><strong>Sao.</strong></span> <span class='ocrx_word' id='word_1_246' title='bbox 1334 4040 1478 4131; x_wconf 81' lang='lat' dir='ltr'><strong>Congre—</strong></span> 
     </span>
     <span class='ocr_line' id='line_1_34' title="bbox 243 4155 1058 4249; baseline -0.006 -21"><span class='ocrx_word' id='word_1_247' title='bbox 243 4156 383 4248; x_wconf 87' lang='lat' dir='ltr'><strong>gationis</strong></span> <span class='ocrx_word' id='word_1_248' title='bbox 409 4155 537 4247; x_wconf 88' lang='lat' dir='ltr'><strong>ludulg.</strong></span> <span class='ocrx_word' id='word_1_249' title='bbox 564 4155 619 4230; x_wconf 89' lang='lat' dir='ltr'><strong>die</strong></span> <span class='ocrx_word' id='word_1_250' title='bbox 645 4161 690 4226; x_wconf 69' lang='lat' dir='ltr'><strong>tl</strong></span> <span class='ocrx_word' id='word_1_251' title='bbox 718 4155 925 4249; x_wconf 87' lang='lat' dir='ltr'><strong>Septembris</strong></span> <span class='ocrx_word' id='word_1_252' title='bbox 953 4157 1058 4224; x_wconf 74' lang='lat' dir='ltr'><strong>l832.</strong></span> 
     </span>
    </p>

    <p class='ocr_par' dir='ltr' id='par_1_4' title="bbox 807 4264 1452 4358">
     <span class='ocr_line' id='line_1_35' title="bbox 807 4264 1452 4358; baseline -0.006 -20"><span class='ocrx_word' id='word_1_253' title='bbox 807 4267 846 4339; x_wconf 81' lang='grc' dir='ltr'><strong>Α.</strong></span> <span class='ocrx_word' id='word_1_254' title='bbox 873 4264 1031 4358; x_wconf 80' lang='lat' dir='ltr'><strong>Arebiep.</strong></span> <span class='ocrx_word' id='word_1_255' title='bbox 1061 4265 1303 4358; x_wconf 75' lang='lat' dir='ltr'><strong>Trapezunta.</strong></span> <span class='ocrx_word' id='word_1_256' title='bbox 1330 4265 1452 4338; x_wconf 69' lang='lat' dir='ltr'><strong>seue.</strong></span> 
     </span>
    </p>
   </div>
   <div class='ocr_carea' id='block_1_4' title="bbox 0 0 1574 4918">
    <p class='ocr_par' dir='ltr' id='par_1_5' title="bbox 0 0 1574 4918">
     <span class='ocr_line' id='line_1_36' title="bbox 0 0 1574 4918; baseline 0 0"><span class='ocrx_word' id='word_1_257' title='bbox 0 0 1574 4918; x_wconf 95' lang='lat' dir='ltr'><strong> </strong></span> 
     </span>
    </p>
   </div>
  </div>
 </body>
</html>
