3214 4928
751 339 943 405 ..42-

806 559 876 632 LX·
998 593 1002 605 .

300 697 440 792 Saepius
466 699 613 773 delatuin
638 699 700 772 luit
723 699 798 770 Sac.
824 695 1081 790 congregationi
1105 695 1322 790 indulgentiis
1339 699 1464 773 Sacris·

226 829 293 903 quo
318 812 479 903 Reliquiis
496 812 705 905 praepositae
724 812 761 884 in
775 811 888 885 multis
906 809 1083 884 Christiani
1101 812 1199 883 Orbis
1216 813 1376 904 partibus,
1393 828 1465 886 non

226 916 299 998 sine
325 939 447 1016 magno
473 922 635 998 Fidellunr
660 923 819 997 scandalo
844 923 997 1016 evulgata
1022 923 1127 997 brisse
1152 925 1339 999 summaria
1357 940 1464 1017 qnae·

226 1037 304 1110 dani
330 1033 625 1130 indulgentiarum,
652 1050 740 1129 qnae
765 1037 848 1110 iaiso
874 1041 1070 1110 asseruntur
1095 1053 1273 1111 concessae
1287 1037 1463 1122 Crucibus,

219 1149 385 1234 floronis,
413 1149 585 1242 sacrisque
610 1145 875 1223 Nornlsrnatibus
901 1147 943 1222 ab
968 1147 1098 1222 Abbate
1127 1147 1315 1223 lionasterii
1344 1151 1467 1224 Beabe

225 1259 371 1355 Virginis
396 1263 517 1337 biontis
543 1261 667 1337 Serrati
691 1261 889 1338 benedictis.
925 1263 1135 1355 Quapropter
1165 1279 1203 1336 re
1232 1267 1363 1337 mature
1386 1279 1466 1357 per·

225 1388 331 1472 ponsa
356 1374 460 1452 muita
486 1375 520 1450 in
545 1375 724 1471 praedictis
750 1375 948 1450 Summariis
974 1374 1055 1448 laisa
1072 1383 1104 1450 ei
1121 1375 1322 1469 apocrypha,
1337 1383 1393 1449 aul
1409 1390 1465 1449 re-

226 1493 341 1562 vocata
368 1487 530 1562 contineri
557 1495 766 1582 compertum
791 1487 862 1572 luit,
890 1491 923 1560 et
948 1505 992 1560 ne
1016 1485 1147 1560 Fideles
1174 1487 1391 1582 decipiantur,
1409 1502 1465 1560 ea-

228 1601 306 1674 donr
332 1601 433 1674 Sacra
458 1599 678 1695 congregatio
708 1599 886 1675 declararit
917 1600 1016 1672 nullis
1050 1599 1121 1672 aliis
1147 1598 1381 1694 indulgentiis,
1408 1602 1469 1674 aut

228 1712 409 1804 privilegiis
436 1721 637 1786 memoratas
663 1714 806 1800 Cruces,
833 1720 891 1786 aut
915 1713 1081 1796 Coronas,
1108 1715 1165 1786 aut
1193 1709 1341 1806 praelata
1365 1711 1467 1786 Sacra

227 1821 433 1898 Numlsnrata
459 1825 623 1918 gaudere,
650 1824 714 1899 nisi
739 1822 826 1910 iliis,
853 1843 941 1917 quae
979 1843 1161 1916 expressae
1194 1825 1405 1898 continentur
1429 1825 1467 1896 in

229 1933 419 2011 Summano
444 1941 509 2012 boo
534 1959 622 2012 enno
651 1943 743 2012 i727
770 1957 887 2030 nuper
911 1938 1038 2009 iloroae
1070 1927 1171 2030 lypis
1204 1937 1242 2008 il.
1277 1934 1313 2010 d.
1340 1937 1379 2009 Α.
1407 1939 1470 2008 inr-

229 2064 347 2143 presso
373 2057 406 2126 et
431 2073 450 2125 a
475 2053 549 2128 833.
576 2051 840 2144 congregatione
865 2049 1150 2142 indulgentiarum
1180 2051 1360 2142 recognito.
1387 2051 1469 2124 Cae·

229 2169 300 2235 tera
326 2167 438 2237 autern
464 2179 697 2257 quaecumque
723 2161 921 2246 summaria,
948 2162 1021 2235 sire
1045 2176 1149 2234 manu
1169 2162 1301 2255 scripta,
1319 2163 1469 2235 3133333-

229 2291 356 2367 pressa,
383 2281 555 2367 tamquam
581 2273 772 2370 apocrypha
798 2280 831 2346 ei
856 2291 1019 2366 expresse
1044 2291 1064 2344 a
1089 2267 1305 2346 sanctissimo
1324 2273 1468 2345 Domino

228 2383 348 2459 Nostro
373 2391 527 2460 revocata
544 2385 663 2460 eadenr
681 2377 753 2459 Sao.
768 2383 988 2476 congregatio
1006 2383 1195 2458 damnanda
1210 2391 1242 2457 et
1258 2381 1467 2478 prohibenda

229 2500 369 2584 censuit,
395 2501 459 2573 sub
485 2501 602 2594 poenis
628 2501 663 2572 in
689 2498 802 2572 indice
827 2497 988 2570 librorum
1007 2497 1252 2592 prohibitorum
1279 2499 1468 2571 contentis:

230 2609 406 2702 Signanier
432 2629 511 2685 vero
536 2619 701 2684 assertum
728 2609 899 2703 quoddarn
925 2609 1171 2694 Surnrnariurn,
1205 2607 1297 2700 quod
1327 2614 1403 2701 post
1427 2611 1469 2682 ii·

230 2721 337 2796 tulum
354 2723 469 2817 incipit
494 2751 506 2787 ι
532 2722 700 2798 Neocriat
724 2723 887 2805 uniuersi,
914 2729 947 2796 ct
975 2722 1102 2813 capacia·
1129 2719 1191 2793 boo
1219 2741 1384 2815 praesens
1404 2741 1470 2816 pu·

231 2833 356 2909 blicam
382 2835 635 2932 transumptum
660 2835 768 2910 uisuri
794 2842 889 2908 etc.»
919 2841 1034 2906 contra
1059 2839 1208 2906 mentem
1226 2835 1300 2906 Sao.
1320 2835 1469 2926 Congre-

230 2949 371 3040 gaiionis
397 2951 522 3024 Romae
547 2951 713 3043 impresso
739 2951 852 3041 elapsu
879 2965 966 3020 anno
992 2946 1093 3040 lypis
1120 2945 1237 3038 Zinghi
1256 2955 1288 3020 et
1312 2941 1466 3021 bionoldi.

304 3060 433 3150 Quibus
458 3081 519 3157 por
543 3080 599 3136 nro
623 3063 846 3136 secretarium
872 3059 1090 3132 sanctissimo
1114 3055 1257 3133 Domino
1281 3059 1402 3133 Nostro
1418 3078 1470 3131 re-

231 3169 316 3259 latis,
343 3175 506 3248 Sanctitas
532 3175 599 3248 Sua
624 3173 831 3247 Sententiam
857 3171 930 3244 833.
950 3169 1223 3264 congregaberis
1249 3173 1395 3264 benigno
1412 3189 1469 3264 33

233 3283 384 3382 probavit
409 3295 443 3362 el
467 3288 501 3360 in
528 3285 685 3361 omnibus
711 3284 900 3358 executioni
926 3284 1078 3358 mandari
1101 3285 1210 3378 jussit.

306 3399 427 3477 Datum
451 3401 578 3473 Romae
604 3403 645 3472 il
675 3397 822 3471 lanuuii
853 3398 959 3470 1787.

247 3523 257 3530 ”
852 3509 889 3582 L.
917 3511 1020 3584 Cano.
1048 3511 1144 3582 Proos
1170 3510 1293 3580 Ρ3333.

683 3623 840 3718 liopboci
869 3625 1007 3698 Cosmus
1033 3621 1075 3695 de
1100 3621 1316 3715 Hieronpmis
1343 3615 1467 3695 Secrct.

811 3821 894 3894 bili.

301 4043 429 4095 nabidis
455 4039 685 4094 Siberissblns
711 4037 893 4092 Tblbliliuis
920 4038 1156 4092 bebbncrlorlls
1182 4037 1402 4091 CAPTIVORUE.

261 4280 264 4286 Ι
310 4189 547 4264 sanctissimus
572 4185 735 4260 Dominus
761 4177 882 4260 Noster
907 4186 951 4259 ad
975 4187 1178 4261 humillimas
1204 4203 1323 4280 preces
1347 4185 1472 4258 Fratris

262 4303 383 4379 baiani
407 4303 510 4377 rerer
536 4301 580 4376 de
605 4301 733 4394 Arroyo
759 4301 987 4374 Procuratoris
1012 4297 1183 4375 Generalis
1212 4299 1313 4374 lolius
1337 4297 1473 4372 Ordinis
