3214 4928
800 429 845 446 ...
874 395 920 462 66
947 427 994 444 .-

280 544 392 603 oessm
418 550 437 604 a
461 529 627 623 lleligioso
653 531 696 604 ad
720 532 812 606 buno
837 531 993 606 ellectum
1020 526 1222 622 deputando,
1248 523 1340 600 lteris
1362 527 1521 600 Secunda

281 643 460 730 Fascbetis,
486 643 581 716 Foris
607 644 762 720 Secunda
795 645 1027 726 pentecostes,
1053 640 1225 714 bominim
1249 639 1332 717 iutra
1360 641 1521 717 Octavam

279 753 355 828 iostl
380 755 414 830 S.
441 753 618 847 Augustini
643 756 802 850 Episcopi
827 763 861 830 et
885 755 1106 839 contessoris,
1132 771 1171 826 ao
1196 751 1251 828 die
1275 752 1360 826 lesio
1385 753 1421 826 S.
1448 753 1523 826 Ste-

278 866 382 958 pbaui
415 869 687 962 protomartyris,
722 867 906 942 dnmmodo
932 867 1010 942 dicti
1035 865 1225 942 Contretues
1251 871 1285 940 et
1309 865 1518 938 consorores

279 977 458 1052 Cincturati
485 980 551 1052 sint
576 999 655 1054 vere
681 981 891 1073 poenitentes
917 985 950 1052 et
975 979 1137 1061 contessi,
1162 995 1226 1050 nec
1258 995 1326 1048 nou
1360 977 1394 1048 S.
1422 976 1522 1048 cour-

277 1092 437 1164 munioue
462 1091 586 1176 relecti,
606 1100 639 1165 et
656 1111 694 1165 sc
712 1094 831 1165 sistant
848 1111 960 1165 coraru
985 1091 1151 1182 Religioso
1177 1089 1365 1162 facultatem
1391 1089 1522 1160 baben-

277 1206 320 1283 te‚
348 1200 428 1274 alias
453 1199 558 1274 dicbs
584 1201 811 1294 indulgentias
833 1209 1092 1294 consequantur.
1111 1203 1252 1294 iusuper
1269 1202 1400 1274 censuit
1416 1219 1521 1294 posse

278 1312 526 1385 communicare
552 1315 732 1398 orationes
758 1316 893 1406 jejrruie,
911 1316 1041 1398 Missas,
1060 1314 1190 1406 aliaque
1206 1315 1295 1387 bona
1313 1331 1414 1406 opera
1432 1331 1524 1404 qaae

279 1422 365 1496 liunt
390 1425 424 1496 in
450 1423 538 1499 dicto
568 1424 686 1500 ordine
713 1425 840 1498 eisdem
870 1427 1099 1500 confratribus
1125 1433 1159 1499 et
1183 1425 1428 1498 consororibus
1461 1423 1525 1516 qui

279 1541 474 1626 praesentes
505 1537 637 1610 innunt.
672 1538 936 1612 communicatio
961 1544 1073 1612 auitam
1098 1539 1155 1610 cat
1179 1537 1280 1613 nudis
1306 1545 1339 1610 et
1364 1537 1525 1631 simplici·

276 1647 341 1719 bus
368 1648 480 1723 verbis
506 1649 579 1722 sine
605 1649 671 1722 ullo
697 1651 831 1742 publico
849 1651 914 1722 ritu
932 1651 1086 1742 sequenti
1104 1648 1205 1722 modo
1222 1647 1375 1722 videlicet
1405 1651 1526 1721 «cons

277 1759 427 1832 collinens
452 1760 547 1834 cobis
572 1763 713 1838 Fratres
737 1761 939 1855 [uanitatem
966 1782 1009 1834 ee
1034 1763 1241 1836 anctoritate
1266 1762 1364 1834 reobr's
1390 1763 1525 1834 aPcn-

278 1871 423 1963 tifioibns
448 1873 615 1948 comonis
639 1875 833 1965 specialiter
858 1875 1011 1958 indalta,
1038 1881 1076 1946 at
1101 1876 1260 1964 consequi
1285 1874 1424 1967 possitis
1449 1893 1524 1946 orn-

276 2001 334 2055 nes
360 1988 393 2055 et
417 1985 572 2077 sinpnlos
598 1985 847 2078 ledalpentias,
867 1992 899 2059 et
910 1993 1135 2080 peccatorem
1151 1988 1365 2060 remissiones
1381 1992 1524 2060 nostroe

277 2097 408 2168 Sacrae
433 2099 605 2189 lielipioni
630 2118 805 2171 concessas
823 2100 931 2189 jueta
952 2100 1217 2191 priaiicpioraoe
1235 2103 1367 2170 tenores
1393 2099 1436 2170 ab
1464 2117 1524 2170 en-

277 2207 354 2280 dem
381 2208 467 2283 sate
492 2211 689 2304 Apostolica
716 2215 950 2295 obtentorum,
984 2213 1028 2284 sit
1059 2213 1154 2284 cobis
1182 2210 1402 2302 Omnipotens
1426 2211 1524 2282 Feres

275 2319 443 2404 inclitos,
472 2325 835 2397 cantamerulensi
860 2329 1062 2405 oestrorcrn,
1090 2323 1213 2406 deleat,
1240 2326 1344 2412 atque
1363 2321 1524 2394 dimittat

280 2433 398 2506 ornain
419 2438 566 2526 peceato
585 2441 701 2510 uestra
721 2438 889 2510 Dominus
915 2437 1041 2510 Noster
1060 2437 1155 2508 tens
1176 2434 1329 2508 christos
1355 2433 1416 2525 qni
1440 2451 1524 2506 carn

276 2545 381 2618 Patre
410 2551 443 2620 et
469 2547 600 2638 Spiritu
628 2551 753 2622 Sancto
778 2549 865 2622 uitat
885 2553 917 2620 ct
937 2553 1061 2639 repnct
1080 2548 1118 2620 in
1137 2547 1522 2622 senoniasaecntcrnm.

276 2655 393 2728 Amen.
428 2658 513 2730 Item
547 2661 838 2736 communicantes
870 2661 965 2734 cobis
998 2663 1139 2738 Fbctres
1172 2660 1346 2736 orationes
1370 2658 1523 2748 jejumo,

276 2768 410 2850 Missas,
437 2776 641 2863 caeteraque
667 2791 773 2865 opera
801 2773 902 2854 bona,
932 2791 1020 2863 qaae
1042 2792 1108 2865 per
1133 2773 1198 2846 lici
1224 2773 1378 2864 pretium
1398 2773 1436 2843 in
1459 2789 1525 2843 no-

275 2883 348 2952 stro
378 2881 650 2975 Conprepatione
676 2884 863 2956 scordion
888 2885 975 2984 fiant
1000 2887 1037 2956 in
1063 2886 1211 2957 Nomine
1236 2884 1353 2957 Putris
1379 2889 1412 2956 et
1437 2885 1524 2955 Filii

279 2995 311 3062 et
338 2993 485 3084 spiritns
510 2997 637 3068 Sancti.
657 2997 793 3068 Arnen»
823 2995 948 3070 Eadem
967 2999 1040 3070 Sac.
1060 2997 1280 3089 congregatio
1297 2997 1427 3069 censuit
1443 3015 1525 3089 pro-

275 3101 460 3176 hibendum
488 3125 574 3188 esse,
601 3125 645 3179 ue
670 3109 802 3181 Fratres
828 3107 907 3181 dieti
933 3109 1068 3181 Ordinis
1085 3109 1128 3181 ad
1152 3109 1345 3201 buJusmodi
1371 3127 1525 3181 commu·

276 3214 477 3305 nicationorn
502 3217 693 3294 contraires
711 3227 744 3293 ct
761 3220 968 3294 consorores
994 3221 1203 3294 cincturatos
1228 3221 1361 3313 publice
1376 3221 1524 3292 innitent

276 3327 319 3400 ad
344 3347 423 3404 suas
448 3330 614 3404 ccclesias
640 3351 702 3424 pro
728 3351 768 3406 ea
793 3333 1033 3426 consequenda
1058 3334 1092 3406 in
1118 3333 1333 3418 Civitatibus,
1359 3331 1457 3407 terris
1484 3339 1521 3406 et

275 3439 375 3525 loeis,
408 3441 550 3514 bocest
576 3443 772 3536 inpietate,
800 3445 862 3518 viis
895 3452 929 3519 et
960 3447 1041 3522 locis
1074 3445 1217 3540 publicis
1249 3463 1318 3518 uon
1348 3451 1524 3537 exponant

275 3569 387 3643 neque
412 3573 537 3644 perse
562 3573 675 3648 noque
701 3577 762 3651 per
787 3559 869 3631 alios
894 3558 1072 3632 schedulas
1098 3559 1281 3651 impressas
1306 3557 1378 3638 siue
1402 3575 1523 3630 rnauu-

275 3666 427 3756 scriptas.
454 3683 518 3739 nec
543 3670 678 3760 pulsent
700 3689 891 3764 campanas
912 3671 1037 3762 quibus
1058 3669 1222 3743 indicetur
1239 3675 1273 3742 et
1289 3669 1523 3762 promulgetur

276 3775 350 3851 talis
375 3777 664 3870 communicatl03
692 3803 732 3856 ac
757 3784 894 3858 demum
920 3782 1066 3875 praelata
1092 3783 1166 3856 Sec.
1197 3782 1418 3875 congregatio
1442 3799 1523 3854 ceu·

273 3887 344 3960 suit
367 3888 611 3983 injungendum
630 3913 707 3967 esse
723 3896 890 3970 universis
907 3903 941 3968 et
957 3895 1098 3986 singulis
1124 3895 1275 3986 ejusdem
1302 3894 1437 3968 Ordinis
1457 3893 1523 3966 cra

273 3999 462 4090 perioribus
495 4011 528 4078 et
560 4005 733 4082 Fratribus
759 4013 797 4080 ut
822 4008 1060 4100 praescriptam
1091 4007 1280 4093 iormularn‚
1307 4008 1436 4097 aliaque
1461 4005 1522 4078 de-

273 4129 376 4203 super
408 4121 531 4190 statuta
563 4127 729 4212 perpetuo
756 4119 938 4193 observent
963 4121 997 4192 in
1023 4121 1144 4193 virtuto
1177 4121 1213 4192 S.
1240 4119 1457 4206 obedieutiae
1482 4127 1519 4192 et

272 4223 338 4296 sub
363 4225 730 4304 Excommunioatiouis
756 4251 865 4323 poena
892 4251 933 4306 eo
959 4233 1033 4324 ipso
1059 4233 1270 4306 brcurreuda
1297 4233 1338 4304 lit
1354 4231 1438 4304 tarn
1455 4249 1519 4323 per

272 4353 328 4407 une
353 4335 602 4432 infrascriptum
630 4344 853 4418 secretarium
876 4345 920 4419 de
937 4344 1114 4438 praedictis
1139 4346 1198 4420 cc.
1225 4345 1263 4420 o.
1289 4345 1329 4418 n.
1354 4343 1517 4418 relatione
