3182 4922
767 383 813 408 ···
844 351 986 424 taa-

263 507 302 564 ac
317 491 352 564 ln
369 489 540 564 llominioc
556 491 770 564 Pentecosten
787 491 906 565 devote
923 490 1136 575 visitaverint,
1154 489 1268 582 ibiquc
1284 507 1346 584 per
1362 491 1495 584 aliquod

260 603 421 696 temporis
445 599 590 696 spatium
612 603 708 696 juxta
734 609 881 676 mentem
906 601 1094 676 sanctitatis
1118 603 1207 676 Suae
1223 603 1296 696 pias
1320 601 1366 678 ad
1389 605 1496 678 lloum

260 733 378 809 preces
403 713 590 804 elluderint,
616 710 859 809 indulgentiam
884 715 1068 789 Plenariam
1093 715 1317 810 incipiendam
1342 715 1496 811 aprimis

260 830 542 924 vesperis-usque
564 829 607 904 ad
633 847 789 904 occasum
805 829 886 903 sollo
911 827 1088 902 duodecim
1104 829 1350 923 praedictorum
1367 829 1499 904 diemm

260 949 518 1033 consequantur,
545 939 728 1016 dummodo
746 943 787 1015 iis
804 933 924 1016 diebus
940 959 1020 1016 vere
1037 943 1245 1036 poenitentes
1270 943 1428 1029 conlcssl,
1443 959 1498 1016 sa·

261 1071 384 1146 oraque
397 1054 640 1128 communione
657 1055 780 1128 inerint
791 1055 913 1128 relecti.
931 1055 1054 1128 Decem
1069 1071 1151 1128 vero
1162 1071 1327 1128 summm
1341 1053 1498 1129 totidem·

260 1183 327 1260 que
345 1163 635 1258 quadragenarum
652 1167 894 1259 indulgentiam
911 1167 1016 1240 semel
1033 1167 1068 1239 in
1085 1165 1140 1240 dle
1156 1166 1428 1240 luctilaclendam
1445 1185 1499 1240 so·

258 1276 389 1352 delibus
415 1277 555 1371 aliisque
572 1277 851 1354 christifidelibus
868 1279 925 1371 qui
950 1277 1052 1353 corde
1068 1279 1184 1353 saltem
1207 1281 1348 1354 contrito
1365 1281 1500 1354 tertiam

257 1383 387 1465 Rosarii
411 1397 539 1485 partem
565 1391 696 1477 devota,
714 1389 905 1477 sive'domi,
930 1387 1002 1466 sive
1019 1389 1053 1465 ln
1073 1393 1241 1478 Ecclesiis,
1267 1409 1328 1466 seu
1353 1391 1500 1486 publicis

256 1505 310 1578 vel
320 1505 472 1598 <privatis
489 1505 648 1578 Oratodis
665 1506 869 1598 conjunctim
890 1505 1100 1579 recitaverint
1115 1511 1328 1598 peramanter
1343 1513 1398 1578 est
1415 1507 1498 1579 elar-

257 1617 355 1708 gitus.
381 1618 425 1690 lis
450 1617 585 1692 tandem
612 1618 769 1692 fidelibus
795 1617 987 1710 hujusmodi
1013 1615 1176 1690 sodalitati
1201 1617 1291 1690 baud
1308 1615 1499 1712 adscriptis,

256 1729 315 1820 qui
338 1729 520 1822 praelatam
545 1731 674 1806 tertiam
691 1729 819 1804 llusarii
836 1737 964 1824 partem
981 1737 1032 1804 ter
1048 1729 1168 1804 saltem
1190 1730 1226 1802 in
1250 1730 1401 1822 qualibet
1418 1731 1499 1805 neb

255 1840 399 1915 domada
424 1842 544 1916 eodem
569 1841 671 1916 modo
696 1844 836 1917 recitare
860 1839 921 1937 pro
939 1861 1032 1916 more
1048 1843 1227 1916 habuerint
1251 1841 1499 1936 indulgentiam

254 1955 439 2028 Plenariam
456 1957 491 2028 in
509 1958 624 2030 ultima
642 1955 848 2049 singulorum
873 1957 1041 2029 mensium
1054 1957 1226 2030 Dominica
1243 1957 1498 2048 acquirendam,

254 2067 389 2142 slvere
415 2070 638 2162 poenitentes
664 2076 838 2162 utsupra,
865 2067 1007 2143 confessi
1034 2089 1073 2142 ac
1096 2087 1189 2142 sacra
1215 2071 1342 2162 Synau'i
1367 2073 1499 2158 relecti,

255 2179 399 2272 aliquam
425 2183 618 2268 Ecclesiam,
645 2199 706 2256 seu
732 2181 902 2274 publicum
929 2181 1117 2256 oratorium
1136 2182 1353 2268 visitaverint,
1381 2183 1500 2277 ibique

251 2291 348 2386 inula
373 2301 675 2387 praememoratum
700 2293 803 2367 linem
827 2309 890 2388 per
915 2291 1050 2387 aliquod
1074 2295 1220 2388 spatium
1236 2295 1400 2388 temporis
1426 2316 1501 2370 ora-

255 2405 374 2492 verint,
400 2405 546 2500 benigne
564 2407 746 2482 'concessit
764 2407 875 2482 Voluit
891 2414 1003 2481 autem
1020 2405 1146 2482 Eadem
1171 2407 1337 2481 Sanctitas
1361 2410 1444 2495 Sua,
1463 2415 1501 2483 ut

253 2531 372 2591 omnes
395 2525 431 2592 et
456 2517 606 2612 singulae
630 2517 797 2613 manuue
814 2517 1042 2612 Indulgentiae
1059 2534 1128 2592 non
1144 2519 1247 2592 modo
1263 2517 1449 2594 animabus
1465 2522 1499 2595 in

180 2663 182 2670 ·
250 2631 442 2722 purgatorio
467 2631 688 2705 eristentibus
714 2628 937 2724 applicabiles,
964 2631 1025 2706 sed
1051 2631 1149 2705 etiam
1174 2633 1348 2725 perpetuis
1374 2632 1498 2708 lntnrv's

250 2741 458 2836 temporibus
482 2745 550 2818 sint
576 2745 734 2820 valiturae
760 2745 890 2838 absque
920 2745 987 2820 nlla
1011 2747 1126 2821 Brevis
1151 2745 1379 2840 crpamtimc.
1408 2747 1498 2823 Con-

252 2855 377 2928 trariis·
387 2855 658 2950 quibuscumque
682 2877 759 2931 non
778 2857 999 2932 obstantibus.

324 2967 445 3041 Datum
472 2971 596 3044 Romae
620 2989 664 3044 ex
692 2971 897 3046 Seerelaria
908 2971 982 3045 San.
1009 2969 1296 3128 congregationis
1310 2967 1498 3067 indulgen·

250 3079 372 3157 tiorum
397 3079 452 3158 dle
480 3085 524 3221 lt
550 3083 639 3160 lleii
654 3081 770 3158 ltltl.
859 3129 863 3146 ι

506 3247 510 3256 ·
923 3195 959 3270 P.
986 3195 1091 3271 Gran
1117 3195 1291 3281 lenonum
1311 3195 1447 3275 Pnaur.

747 3355 750 3362 ·
841 3345 845 3354 ·
884 3315 903 3350 '·
989 3311 1032 3382 Α.·
1058 3309 1219 3385 Columbo
1246 3311 1372 3386 secret

741 3569 744 3578 .
803 3455 932 3582 noxvss
1029 3555 1031 3562 ,

731 3647 824 3704 illinis
848 3649 1021 3706 ΠὉΒΒῙΒ·
1158 3675 1162 3682 ’

324 3753 410 3829 dum
434 3769 557 3849 scopus
581 3755 769 3850 praeclarae
795 3755 1076 3834 snclcotlsdidei
1097 3757 1345 3854 propagationis
1362 3761 1421 3836 ille
1436 3763 1490 3846 sit,

249 3871 288 3941 ut
312 3865 550 3942 curbuddeles
575 3869 749 3962 utriusque
782 3887 886 3944 servus
912 3871 990 3945 bule
1014 3873 1124 3946 coetui
1156 3873 1333 3966 adscripti,
1367 3878 1402 3949 el
1426 3875 1492 3970 plls

250 3979 417 4073 precibus,
444 3987 478 4056 et
502 3981 723 4074 eleemosynis
748 3983 782 4056 in
808 3982 843 4057 id
868 3985 1078 4071 conveniant,
1104 3991 1142 4060 ot
1167 3993 1200 4060 et
1226 3985 1359 4061 Patrem
1387 3987 1490 4062 mise

117 4091 122 4104 ‘
250 4091 467 4166 ricordiarum
492 4109 554 4188 pro
579 4093 767 4169 dilatatione
793 4095 884 4170 Pidel
910 4095 1099 4172 Catholicae
1124 4106 1279 4186 exorent,
1306 4105 1340 4174 et
1364 4099 1491 4174 mediis

251 4211 285 4278 et
310 4207 501 4304 sumptibus
518 4216 724 4283 'concurrant
743 4209 789 4282 iis
806 4209 1012 4286 sustinendis
1028 4211 1198 4298 oneribus,
1217 4231 1306 4306 qnae
1320 4229 1385 4308 pro
1402 4215 1492 4308 ains·

249 4313 329 4394 dem
354 4317 447 4396 lidei
471 4317 662 4400 dilatatione
684 4325 872 4400 necessaria
898 4325 1035 4400 omnino
1060 4333 1149 4414 sunt,
1175 4325 1256 4402 binc
1271 4327 1336 4424 ipsi
1351 4325 1490 4404 musti
