<?xml version="1.0" encoding="UTF-8"?>
<!DOCTYPE html PUBLIC "-//W3C//DTD XHTML 1.0 Transitional//EN"
    "http://www.w3.org/TR/xhtml1/DTD/xhtml1-transitional.dtd">
<html xmlns="http://www.w3.org/1999/xhtml" xml:lang="en" lang="en">
 <head>
  <title>
</title>
<meta http-equiv="Content-Type" content="text/html;charset=utf-8" />
  <meta name='ocr-system' content='tesseract 3.04.00' />
  <meta name='ocr-capabilities' content='ocr_page ocr_carea ocr_par ocr_line ocrx_word'/>
</head>
<body>
  <div class='ocr_page' id='page_1' title='image "./resolutionesseu00pringoog_0263.png"; bbox 0 0 3120 4924; ppageno 0'>
   <div class='ocr_carea' id='block_1_1' title="bbox 796 356 1028 444">
    <p class='ocr_par' dir='ltr' id='par_1_1' title="bbox 796 356 1028 444">
     <span class='ocr_line' id='line_1_1' title="bbox 796 356 1028 444; baseline 0.009 -20"><span class='ocrx_word' id='word_1_1' title='bbox 796 387 842 406; x_wconf 87' lang='lat'>-</span> <span class='ocrx_word' id='word_1_2' title='bbox 869 356 939 426; x_wconf 80' lang='lat' dir='ltr'>aas</span> <span class='ocrx_word' id='word_1_3' title='bbox 965 387 1028 444; x_wconf 44' lang='lat'>-‚</span> 
     </span>
    </p>
   </div>
   <div class='ocr_carea' id='block_1_2' title="bbox 287 487 1493 925">
    <p class='ocr_par' dir='ltr' id='par_1_2' title="bbox 287 487 1493 925">
     <span class='ocr_line' id='line_1_2' title="bbox 288 487 1493 588; baseline -0.002 -18"><span class='ocrx_word' id='word_1_4' title='bbox 288 495 417 588; x_wconf 80' lang='lat' dir='ltr'><strong>absque</strong></span> <span class='ocrx_word' id='word_1_5' title='bbox 446 492 514 568; x_wconf 89' lang='lat' dir='ltr'>ulla</span> <span class='ocrx_word' id='word_1_6' title='bbox 545 492 659 568; x_wconf 81' lang='lat' dir='ltr'>Brevis</span> <span class='ocrx_word' id='word_1_7' title='bbox 691 489 913 587; x_wconf 79' lang='lat' dir='ltr'>expeditione.</span> <span class='ocrx_word' id='word_1_8' title='bbox 946 495 1066 568; x_wconf 84' lang='lat' dir='ltr'>Datum</span> <span class='ocrx_word' id='word_1_9' title='bbox 1099 487 1224 568; x_wconf 77' lang='lat' dir='ltr'>Romae</span> <span class='ocrx_word' id='word_1_10' title='bbox 1255 491 1493 570; x_wconf 79' lang='lat' dir='ltr'>exsecratam</span> 
     </span>
     <span class='ocr_line' id='line_1_3' title="bbox 287 605 1373 702; baseline -0.004 -20"><span class='ocrx_word' id='word_1_11' title='bbox 287 608 360 682; x_wconf 83' lang='lat' dir='ltr'>San.</span> <span class='ocrx_word' id='word_1_12' title='bbox 386 608 550 702; x_wconf 79' lang='lat' dir='ltr'>congreg.</span> <span class='ocrx_word' id='word_1_13' title='bbox 575 605 860 700; x_wconf 82' lang='lat' dir='ltr'>indulgentiarum</span> <span class='ocrx_word' id='word_1_14' title='bbox 884 605 939 680; x_wconf 92' lang='lat' dir='ltr'>die</span> <span class='ocrx_word' id='word_1_15' title='bbox 967 611 1011 679; x_wconf 70' lang='lat' dir='ltr'>lt</span> <span class='ocrx_word' id='word_1_16' title='bbox 1037 606 1244 700; x_wconf 84' lang='lat' dir='ltr'>Septembris</span> <span class='ocrx_word' id='word_1_17' title='bbox 1271 609 1373 678; x_wconf 78' lang='lat' dir='ltr'>lidii.</span> 
     </span>
     <span class='ocr_line' id='line_1_4' title="bbox 944 719 1419 812; baseline 0 -20"><span class='ocrx_word' id='word_1_18' title='bbox 944 719 982 792; x_wconf 92' lang='lat' dir='ltr'>L.</span> <span class='ocrx_word' id='word_1_19' title='bbox 1009 719 1113 812; x_wconf 75' lang='lat' dir='ltr'>Clau.</span> <span class='ocrx_word' id='word_1_20' title='bbox 1139 719 1279 792; x_wconf 77' lang='lat' dir='ltr'>caninus</span> <span class='ocrx_word' id='word_1_21' title='bbox 1304 719 1419 792; x_wconf 80' lang='lat' dir='ltr'>Peius.</span> 
     </span>
     <span class='ocr_line' id='line_1_5' title="bbox 1023 832 1361 925; baseline -0.003 -20"><span class='ocrx_word' id='word_1_22' title='bbox 1023 833 1057 905; x_wconf 87' lang='lat' dir='ltr'>S.</span> <span class='ocrx_word' id='word_1_23' title='bbox 1083 832 1215 925; x_wconf 74' lang='lat' dir='ltr'>sorpto</span> <span class='ocrx_word' id='word_1_24' title='bbox 1241 833 1361 906; x_wconf 76' lang='lat' dir='ltr'>soret.</span> 
     </span>
    </p>
   </div>
   <div class='ocr_carea' id='block_1_3' title="bbox 678 965 1060 1104">
    <p class='ocr_par' dir='ltr' id='par_1_3' title="bbox 678 965 1060 1104">
     <span class='ocr_line' id='line_1_6' title="bbox 678 965 1060 1104; baseline -0.003 -1"><span class='ocrx_word' id='word_1_25' title='bbox 678 965 680 968; x_wconf 28' lang='lat'>⁵</span> <span class='ocrx_word' id='word_1_26' title='bbox 825 1028 974 1104; x_wconf 73' lang='lat' dir='ltr'>sanxo</span> <span class='ocrx_word' id='word_1_27' title='bbox 1059 987 1060 990; x_wconf 49' lang='lat'>‘</span> 
     </span>
    </p>
   </div>
   <div class='ocr_carea' id='block_1_4' title="bbox 751 1169 1046 1233">
    <p class='ocr_par' dir='ltr' id='par_1_4' title="bbox 751 1169 1046 1233">
     <span class='ocr_line' id='line_1_7' title="bbox 751 1169 1046 1233; baseline -0.01 -3"><span class='ocrx_word' id='word_1_28' title='bbox 751 1169 1046 1233; x_wconf 70' lang='lat' dir='ltr'>sordentium.</span> 
     </span>
    </p>
   </div>
   <div class='ocr_carea' id='block_1_5' title="bbox 278 1280 1495 2499">
    <p class='ocr_par' dir='ltr' id='par_1_5' title="bbox 278 1280 1495 2499">
     <span class='ocr_line' id='line_1_8' title="bbox 356 1280 1493 1356; baseline 0.002 -4"><span class='ocrx_word' id='word_1_29' title='bbox 356 1281 591 1354; x_wconf 72' lang='lat' dir='ltr'>sanctissimus</span> <span class='ocrx_word' id='word_1_30' title='bbox 623 1280 785 1354; x_wconf 83' lang='lat' dir='ltr'>Dominus</span> <span class='ocrx_word' id='word_1_31' title='bbox 816 1283 936 1355; x_wconf 89' lang='lat' dir='ltr'>Noster</span> <span class='ocrx_word' id='word_1_32' title='bbox 969 1281 1211 1356; x_wconf 74' lang='lat' dir='ltr'>clementii.</span> <span class='ocrx_word' id='word_1_33' title='bbox 1244 1280 1334 1354; x_wconf 82' lang='grc' dir='ltr'>ΧΝ·</span> <span class='ocrx_word' id='word_1_34' title='bbox 1353 1280 1493 1354; x_wconf 84' lang='lat' dir='ltr'>omnibns</span> 
     </span>
     <span class='ocr_line' id='line_1_9' title="bbox 282 1392 1495 1486; baseline -0.002 -20"><span class='ocrx_word' id='word_1_35' title='bbox 282 1392 457 1485; x_wconf 80' lang='lat' dir='ltr'>nutusque</span> <span class='ocrx_word' id='word_1_36' title='bbox 473 1411 576 1467; x_wconf 86' lang='lat' dir='ltr'>sexus</span> <span class='ocrx_word' id='word_1_37' title='bbox 594 1392 869 1468; x_wconf 80' lang='lat' dir='ltr'>christifidelibus</span> <span class='ocrx_word' id='word_1_38' title='bbox 885 1393 1056 1468; x_wconf 79' lang='lat' dir='ltr'>liioeeesis</span> <span class='ocrx_word' id='word_1_39' title='bbox 1072 1393 1351 1486; x_wconf 73' lang='lat' dir='ltr'>rothomagensis</span> <span class='ocrx_word' id='word_1_40' title='bbox 1366 1392 1495 1484; x_wconf 78' lang='lat' dir='ltr'>henigne</span> 
     </span>
     <span class='ocr_line' id='line_1_10' title="bbox 282 1504 1495 1598; baseline -0.002 -20"><span class='ocrx_word' id='word_1_41' title='bbox 282 1505 447 1579; x_wconf 72' lang='lat' dir='ltr'>ooneemit</span> <span class='ocrx_word' id='word_1_42' title='bbox 471 1512 508 1579; x_wconf 96' lang='lat' dir='ltr'>ut</span> <span class='ocrx_word' id='word_1_43' title='bbox 533 1524 651 1578; x_wconf 83' lang='lat' dir='ltr'>omnes</span> <span class='ocrx_word' id='word_1_44' title='bbox 668 1512 701 1578; x_wconf 91' lang='lat' dir='ltr'>et</span> <span class='ocrx_word' id='word_1_45' title='bbox 717 1506 864 1598; x_wconf 77' lang='lat' dir='ltr'>singulas</span> <span class='ocrx_word' id='word_1_46' title='bbox 888 1505 1113 1598; x_wconf 79' lang='lat' dir='ltr'>indulgentias</span> <span class='ocrx_word' id='word_1_47' title='bbox 1130 1522 1309 1579; x_wconf 84' lang='lat' dir='ltr'>ooueessas</span> <span class='ocrx_word' id='word_1_48' title='bbox 1334 1512 1367 1580; x_wconf 86' lang='lat' dir='ltr'>et</span> <span class='ocrx_word' id='word_1_49' title='bbox 1391 1504 1425 1579; x_wconf 91' lang='lat' dir='ltr'>iu</span> <span class='ocrx_word' id='word_1_50' title='bbox 1446 1522 1495 1597; x_wconf 87' lang='lat' dir='ltr'>pu·</span> 
     </span>
     <span class='ocr_line' id='line_1_11' title="bbox 280 1617 1495 1713; baseline -0.002 -23"><span class='ocrx_word' id='word_1_51' title='bbox 280 1625 408 1692; x_wconf 85' lang='lat' dir='ltr'>starum</span> <span class='ocrx_word' id='word_1_52' title='bbox 434 1617 666 1692; x_wconf 87' lang='lat' dir='ltr'>mneedendas</span> <span class='ocrx_word' id='word_1_53' title='bbox 691 1619 865 1703; x_wconf 81' lang='lat' dir='ltr'>Seelesiis,</span> <span class='ocrx_word' id='word_1_54' title='bbox 892 1636 954 1692; x_wconf 89' lang='lat' dir='ltr'>seu</span> <span class='ocrx_word' id='word_1_55' title='bbox 986 1619 1151 1712; x_wconf 80' lang='lat' dir='ltr'>cappellis</span> <span class='ocrx_word' id='word_1_56' title='bbox 1176 1619 1319 1711; x_wconf 86' lang='lat' dir='ltr'>publieis</span> <span class='ocrx_word' id='word_1_57' title='bbox 1346 1617 1495 1713; x_wconf 74' lang='lat' dir='ltr'>praefatae</span> 
     </span>
     <span class='ocr_line' id='line_1_12' title="bbox 279 1728 1495 1825; baseline 0 -24"><span class='ocrx_word' id='word_1_58' title='bbox 279 1729 448 1803; x_wconf 84' lang='lat' dir='ltr'>Dioeoesis</span> <span class='ocrx_word' id='word_1_59' title='bbox 472 1730 592 1803; x_wconf 85' lang='lat' dir='ltr'>loerari</span> <span class='ocrx_word' id='word_1_60' title='bbox 617 1731 747 1804; x_wconf 81' lang='lat' dir='ltr'>valeant</span> <span class='ocrx_word' id='word_1_61' title='bbox 771 1731 887 1815; x_wconf 88' lang='lat' dir='ltr'>semel,</span> <span class='ocrx_word' id='word_1_62' title='bbox 914 1731 967 1804; x_wconf 84' lang='lat' dir='ltr'>vel</span> <span class='ocrx_word' id='word_1_63' title='bbox 992 1731 1026 1804; x_wconf 92' lang='lat' dir='ltr'>in</span> <span class='ocrx_word' id='word_1_64' title='bbox 1052 1729 1107 1805; x_wconf 87' lang='lat' dir='ltr'>die</span> <span class='ocrx_word' id='word_1_65' title='bbox 1132 1730 1232 1816; x_wconf 87' lang='lat' dir='ltr'>leste,</span> <span class='ocrx_word' id='word_1_66' title='bbox 1258 1732 1294 1804; x_wconf 91' lang='lat' dir='ltr'>in</span> <span class='ocrx_word' id='word_1_67' title='bbox 1311 1749 1378 1825; x_wconf 87' lang='lat' dir='ltr'>quo</span> <span class='ocrx_word' id='word_1_68' title='bbox 1401 1728 1495 1806; x_wconf 89' lang='lat' dir='ltr'>tudd-</span> 
     </span>
     <span class='ocr_line' id='line_1_13' title="bbox 280 1839 1495 1936; baseline -0.003 -21"><span class='ocrx_word' id='word_1_69' title='bbox 280 1843 391 1934; x_wconf 79' lang='lat' dir='ltr'>gentio</span> <span class='ocrx_word' id='word_1_70' title='bbox 416 1843 580 1934; x_wconf 87' lang='lat' dir='ltr'>reperitur</span> <span class='ocrx_word' id='word_1_71' title='bbox 604 1859 775 1928; x_wconf 84' lang='lat' dir='ltr'>mneossa,</span> <span class='ocrx_word' id='word_1_72' title='bbox 793 1843 846 1916; x_wconf 91' lang='lat' dir='ltr'>vel</span> <span class='ocrx_word' id='word_1_73' title='bbox 862 1843 946 1916; x_wconf 89' lang='lat' dir='ltr'>inira</span> <span class='ocrx_word' id='word_1_74' title='bbox 963 1845 1035 1936; x_wconf 77' lang='lat' dir='ltr'>eius</span> <span class='ocrx_word' id='word_1_75' title='bbox 1052 1849 1213 1928; x_wconf 75' lang='lat' dir='ltr'>octavam,</span> <span class='ocrx_word' id='word_1_76' title='bbox 1230 1839 1413 1918; x_wconf 88' lang='lat' dir='ltr'>dummodo</span> <span class='ocrx_word' id='word_1_77' title='bbox 1428 1857 1495 1913; x_wconf 87' lang='lat' dir='ltr'>vere</span> 
     </span>
     <span class='ocr_line' id='line_1_14' title="bbox 280 1954 1494 2046; baseline -0.005 -18"><span class='ocrx_word' id='word_1_78' title='bbox 280 1954 500 2046; x_wconf 84' lang='lat' dir='ltr'>poenitentes,</span> <span class='ocrx_word' id='word_1_79' title='bbox 525 1954 670 2028; x_wconf 85' lang='lat' dir='ltr'>mniessi</span> <span class='ocrx_word' id='word_1_80' title='bbox 696 1973 734 2028; x_wconf 88' lang='lat' dir='ltr'>au</span> <span class='ocrx_word' id='word_1_81' title='bbox 750 1955 784 2027; x_wconf 90' lang='lat' dir='ltr'>S.</span> <span class='ocrx_word' id='word_1_82' title='bbox 803 1954 1046 2028; x_wconf 83' lang='lat' dir='ltr'>cummunione</span> <span class='ocrx_word' id='word_1_83' title='bbox 1062 1955 1175 2038; x_wconf 85' lang='lat' dir='ltr'>reieeti</span> <span class='ocrx_word' id='word_1_84' title='bbox 1190 1955 1376 2030; x_wconf 81' lang='lat' dir='ltr'>Eeolmiam</span> <span class='ocrx_word' id='word_1_85' title='bbox 1391 1954 1424 2026; x_wconf 92' lang='lat' dir='ltr'>in</span> <span class='ocrx_word' id='word_1_86' title='bbox 1438 1971 1494 2042; x_wconf 82' lang='lat' dir='ltr'>pra</span> 
     </span>
     <span class='ocr_line' id='line_1_15' title="bbox 278 2065 1494 2162; baseline -0.002 -24"><span class='ocrx_word' id='word_1_87' title='bbox 278 2065 376 2140; x_wconf 88' lang='lat' dir='ltr'>adest</span> <span class='ocrx_word' id='word_1_88' title='bbox 399 2066 606 2160; x_wconf 82' lang='lat' dir='ltr'>indulgentia</span> <span class='ocrx_word' id='word_1_89' title='bbox 631 2067 750 2142; x_wconf 83' lang='lat' dir='ltr'>devote</span> <span class='ocrx_word' id='word_1_90' title='bbox 775 2067 994 2152; x_wconf 80' lang='lat' dir='ltr'>visitaverint,</span> <span class='ocrx_word' id='word_1_91' title='bbox 1019 2068 1135 2160; x_wconf 76' lang='lat' dir='ltr'>itique</span> <span class='ocrx_word' id='word_1_92' title='bbox 1150 2087 1211 2162; x_wconf 90' lang='lat' dir='ltr'>per</span> <span class='ocrx_word' id='word_1_93' title='bbox 1228 2067 1367 2161; x_wconf 85' lang='lat' dir='ltr'>aliquod</span> <span class='ocrx_word' id='word_1_94' title='bbox 1381 2074 1494 2157; x_wconf 87' lang='lat' dir='ltr'>tempo·</span> 
     </span>
     <span class='ocr_line' id='line_1_16' title="bbox 279 2177 1493 2274; baseline -0.002 -22"><span class='ocrx_word' id='word_1_95' title='bbox 279 2178 326 2252; x_wconf 88' lang='lat' dir='ltr'>ris</span> <span class='ocrx_word' id='word_1_96' title='bbox 350 2179 496 2272; x_wconf 86' lang='lat' dir='ltr'>spatium</span> <span class='ocrx_word' id='word_1_97' title='bbox 518 2181 612 2273; x_wconf 84' lang='lat' dir='ltr'>juxta</span> <span class='ocrx_word' id='word_1_98' title='bbox 637 2188 785 2255; x_wconf 86' lang='lat' dir='ltr'>mentem</span> <span class='ocrx_word' id='word_1_99' title='bbox 810 2180 997 2254; x_wconf 78' lang='lat' dir='ltr'>sanctitatis</span> <span class='ocrx_word' id='word_1_100' title='bbox 1014 2181 1173 2274; x_wconf 88' lang='lat' dir='ltr'>Suaepie</span> <span class='ocrx_word' id='word_1_101' title='bbox 1189 2177 1493 2272; x_wconf 74' lang='lat' dir='ltr'>annominaverit</span> 
     </span>
     <span class='ocr_line' id='line_1_17' title="bbox 280 2290 1494 2387; baseline -0.003 -22"><span class='ocrx_word' id='word_1_102' title='bbox 280 2311 348 2383; x_wconf 85' lang='lat' dir='ltr'>qne</span> <span class='ocrx_word' id='word_1_103' title='bbox 371 2290 498 2366; x_wconf 90' lang='lat' dir='ltr'>Eadem</span> <span class='ocrx_word' id='word_1_104' title='bbox 522 2293 686 2367; x_wconf 84' lang='lat' dir='ltr'>Sanctitas</span> <span class='ocrx_word' id='word_1_105' title='bbox 711 2294 779 2367; x_wconf 89' lang='lat' dir='ltr'>Sua</span> <span class='ocrx_word' id='word_1_106' title='bbox 803 2293 890 2366; x_wconf 89' lang='lat' dir='ltr'>hane</span> <span class='ocrx_word' id='word_1_107' title='bbox 922 2293 1062 2386; x_wconf 58' lang='lat' dir='ltr'>mam</span> <span class='ocrx_word' id='word_1_108' title='bbox 1086 2293 1121 2366; x_wconf 92' lang='lat' dir='ltr'>iu</span> <span class='ocrx_word' id='word_1_109' title='bbox 1151 2302 1352 2387; x_wconf 86' lang='lat' dir='ltr'>perpetuum</span> <span class='ocrx_word' id='word_1_110' title='bbox 1383 2291 1494 2382; x_wconf 80' lang='lat' dir='ltr'>amque</span> 
     </span>
     <span class='ocr_line' id='line_1_18' title="bbox 279 2402 1494 2499; baseline -0.001 -24"><span class='ocrx_word' id='word_1_111' title='bbox 279 2402 347 2476; x_wconf 91' lang='lat' dir='ltr'>ulla</span> <span class='ocrx_word' id='word_1_112' title='bbox 370 2405 484 2478; x_wconf 85' lang='lat' dir='ltr'>Brevis</span> <span class='ocrx_word' id='word_1_113' title='bbox 510 2404 723 2499; x_wconf 85' lang='lat' dir='ltr'>expeditione</span> <span class='ocrx_word' id='word_1_114' title='bbox 747 2406 818 2479; x_wconf 91' lang='lat' dir='ltr'>lore</span> <span class='ocrx_word' id='word_1_115' title='bbox 843 2405 1027 2480; x_wconf 77' lang='lat' dir='ltr'>valituram.</span> <span class='ocrx_word' id='word_1_116' title='bbox 1052 2407 1173 2481; x_wconf 89' lang='lat' dir='ltr'>Datum</span> <span class='ocrx_word' id='word_1_117' title='bbox 1194 2406 1494 2481; x_wconf 76' lang='lat' dir='ltr'>Romanensem</span> 
     </span>
    </p>
   </div>
   <div class='ocr_carea' id='block_1_6' title="bbox 279 2514 1492 2725">
    <p class='ocr_par' dir='ltr' id='par_1_6' title="bbox 279 2514 1492 2725">
     <span class='ocr_line' id='line_1_19' title="bbox 279 2514 1492 2612; baseline -0.002 -23"><span class='ocrx_word' id='word_1_118' title='bbox 279 2514 361 2590; x_wconf 86' lang='lat' dir='ltr'>tatia</span> <span class='ocrx_word' id='word_1_119' title='bbox 378 2516 450 2592; x_wconf 86' lang='lat' dir='ltr'>Sao.</span> <span class='ocrx_word' id='word_1_120' title='bbox 465 2517 737 2611; x_wconf 80' lang='lat' dir='ltr'>congregationis</span> <span class='ocrx_word' id='word_1_121' title='bbox 754 2517 1037 2612; x_wconf 81' lang='lat' dir='ltr'>indulgentiarum</span> <span class='ocrx_word' id='word_1_122' title='bbox 1050 2517 1105 2592; x_wconf 89' lang='lat' dir='ltr'>die</span> <span class='ocrx_word' id='word_1_123' title='bbox 1119 2522 1166 2590; x_wconf 75' lang='lat'>29</span> <span class='ocrx_word' id='word_1_124' title='bbox 1180 2519 1389 2611; x_wconf 86' lang='lat' dir='ltr'>Septembris</span> <span class='ocrx_word' id='word_1_125' title='bbox 1405 2517 1492 2589; x_wconf 77' lang='lat' dir='ltr'>lidi.</span> 
     </span>
     <span class='ocr_line' id='line_1_20' title="bbox 947 2631 1432 2725; baseline 0.008 -27"><span class='ocrx_word' id='word_1_126' title='bbox 947 2684 951 2698; x_wconf 93' lang='lat'>.</span> <span class='ocrx_word' id='word_1_127' title='bbox 1091 2632 1125 2706; x_wconf 86' lang='lat' dir='ltr'>S.</span> <span class='ocrx_word' id='word_1_128' title='bbox 1151 2631 1286 2725; x_wconf 83' lang='lat' dir='ltr'>Borpt&#39;o</span> <span class='ocrx_word' id='word_1_129' title='bbox 1313 2631 1432 2706; x_wconf 76' lang='lat' dir='ltr'>secret.</span> 
     </span>
    </p>
   </div>
   <div class='ocr_carea' id='block_1_7' title="bbox 809 2799 1069 2902">
    <p class='ocr_par' dir='ltr' id='par_1_7' title="bbox 809 2799 1069 2902">
     <span class='ocr_line' id='line_1_21' title="bbox 809 2799 1069 2902; baseline 0 0"><span class='ocrx_word' id='word_1_130' title='bbox 809 2825 972 2902; x_wconf 79' lang='lat' dir='ltr'>cenam</span> <span class='ocrx_word' id='word_1_131' title='bbox 1067 2799 1069 2804; x_wconf 83' lang='grc'><strong>’</strong></span> 
     </span>
    </p>
   </div>
   <div class='ocr_carea' id='block_1_8' title="bbox 636 2971 1152 3030">
    <p class='ocr_par' dir='ltr' id='par_1_8' title="bbox 636 2971 1152 3030">
     <span class='ocr_line' id='line_1_22' title="bbox 636 2971 1152 3030; baseline 0.004 -4"><span class='ocrx_word' id='word_1_132' title='bbox 636 2971 764 3028; x_wconf 68' lang='lat' dir='ltr'>omittis</span> <span class='ocrx_word' id='word_1_133' title='bbox 789 2973 857 3030; x_wconf 79' lang='lat' dir='ltr'>itm.</span> <span class='ocrx_word' id='word_1_134' title='bbox 884 2972 1152 3030; x_wconf 76' lang='lat' dir='ltr'>utrtdcctrtotttttt</span> 
     </span>
    </p>
   </div>
   <div class='ocr_carea' id='block_1_9' title="bbox 274 3074 1494 4408">
    <p class='ocr_par' dir='ltr' id='par_1_9' title="bbox 274 3074 1494 4408">
     <span class='ocr_line' id='line_1_23' title="bbox 350 3074 1493 3174; baseline -0.003 -24"><span class='ocrx_word' id='word_1_135' title='bbox 350 3074 404 3150; x_wconf 83' lang='lat' dir='ltr'>td</span> <span class='ocrx_word' id='word_1_136' title='bbox 427 3077 628 3154; x_wconf 89' lang='lat' dir='ltr'>humillimas</span> <span class='ocrx_word' id='word_1_137' title='bbox 653 3097 771 3172; x_wconf 81' lang='lat' dir='ltr'>praees</span> <span class='ocrx_word' id='word_1_138' title='bbox 796 3080 850 3152; x_wconf 80' lang='lat' dir='ltr'>Fr.</span> <span class='ocrx_word' id='word_1_139' title='bbox 874 3079 1015 3154; x_wconf 82' lang='lat' dir='ltr'>Erhardi</span> <span class='ocrx_word' id='word_1_140' title='bbox 1039 3078 1373 3174; x_wconf 82' lang='lat' dir='ltr'>ltadkarspurgeusis</span> <span class='ocrx_word' id='word_1_141' title='bbox 1389 3077 1493 3152; x_wconf 82' lang='lat' dir='ltr'>Prmu</span> 
     </span>
     <span class='ocr_line' id='line_1_24' title="bbox 277 3187 1493 3288; baseline -0.002 -26"><span class='ocrx_word' id='word_1_142' title='bbox 277 3189 395 3262; x_wconf 89' lang='lat' dir='ltr'>ratoris</span> <span class='ocrx_word' id='word_1_143' title='bbox 421 3197 454 3264; x_wconf 90' lang='lat' dir='ltr'>et</span> <span class='ocrx_word' id='word_1_144' title='bbox 478 3191 705 3266; x_wconf 81' lang='lat' dir='ltr'>commissarii</span> <span class='ocrx_word' id='word_1_145' title='bbox 730 3191 900 3266; x_wconf 85' lang='lat' dir='ltr'>Generais</span> <span class='ocrx_word' id='word_1_146' title='bbox 926 3192 1060 3268; x_wconf 88' lang='lat' dir='ltr'>Ordinis</span> <span class='ocrx_word' id='word_1_147' title='bbox 1088 3193 1256 3268; x_wconf 85' lang='lat' dir='ltr'>Minorum</span> <span class='ocrx_word' id='word_1_148' title='bbox 1282 3187 1493 3288; x_wconf 83' lang='lat' dir='ltr'>Gappuoeim·</span> 
     </span>
     <span class='ocr_line' id='line_1_25' title="bbox 276 3301 1494 3390; baseline 0.003 -17"><span class='ocrx_word' id='word_1_149' title='bbox 276 3320 353 3374; x_wconf 88' lang='lat' dir='ltr'>rum</span> <span class='ocrx_word' id='word_1_150' title='bbox 377 3301 615 3378; x_wconf 81' lang='lat' dir='ltr'>sanctissimus</span> <span class='ocrx_word' id='word_1_151' title='bbox 647 3305 810 3378; x_wconf 89' lang='lat' dir='ltr'>Dominus</span> <span class='ocrx_word' id='word_1_152' title='bbox 833 3305 954 3379; x_wconf 86' lang='lat' dir='ltr'>Noster</span> <span class='ocrx_word' id='word_1_153' title='bbox 979 3304 1134 3380; x_wconf 84' lang='lat' dir='ltr'>Clemens</span> <span class='ocrx_word' id='word_1_154' title='bbox 1159 3306 1222 3378; x_wconf 89' lang='lat' dir='ltr'>PP.</span> <span class='ocrx_word' id='word_1_155' title='bbox 1256 3306 1336 3378; x_wconf 82' lang='lat' dir='ltr'>xiv</span> <span class='ocrx_word' id='word_1_156' title='bbox 1366 3301 1494 3390; x_wconf 68' lang='lat' dir='ltr'>mnium</span> 
     </span>
     <span class='ocr_line' id='line_1_26' title="bbox 277 3413 1494 3510; baseline -0.002 -24"><span class='ocrx_word' id='word_1_157' title='bbox 277 3413 451 3489; x_wconf 79' lang='lat' dir='ltr'>inclinatus</span> <span class='ocrx_word' id='word_1_158' title='bbox 484 3417 649 3490; x_wconf 85' lang='lat' dir='ltr'>universis</span> <span class='ocrx_word' id='word_1_159' title='bbox 680 3417 856 3510; x_wconf 84' lang='lat' dir='ltr'>nutusque</span> <span class='ocrx_word' id='word_1_160' title='bbox 888 3435 993 3494; x_wconf 83' lang='lat' dir='ltr'>sexus</span> <span class='ocrx_word' id='word_1_161' title='bbox 1026 3417 1326 3502; x_wconf 82' lang='lat' dir='ltr'>christifidelibus,</span> <span class='ocrx_word' id='word_1_162' title='bbox 1350 3415 1408 3508; x_wconf 78' lang='lat' dir='ltr'>poi</span> <span class='ocrx_word' id='word_1_163' title='bbox 1429 3423 1494 3484; x_wconf 82' lang='lat' dir='ltr'>uere</span> 
     </span>
     <span class='ocr_line' id='line_1_27' title="bbox 275 3527 1493 3622; baseline -0.007 -21"><span class='ocrx_word' id='word_1_164' title='bbox 275 3527 485 3621; x_wconf 80' lang='lat' dir='ltr'>meditantes</span> <span class='ocrx_word' id='word_1_165' title='bbox 511 3537 544 3603; x_wconf 87' lang='lat' dir='ltr'>et</span> <span class='ocrx_word' id='word_1_166' title='bbox 568 3529 713 3604; x_wconf 79' lang='lat' dir='ltr'>demessi</span> <span class='ocrx_word' id='word_1_167' title='bbox 737 3531 906 3622; x_wconf 73' lang='lat' dir='ltr'>Supraque</span> <span class='ocrx_word' id='word_1_168' title='bbox 936 3530 1180 3605; x_wconf 84' lang='lat' dir='ltr'>commuuione</span> <span class='ocrx_word' id='word_1_169' title='bbox 1205 3529 1340 3615; x_wconf 81' lang='lat' dir='ltr'>retenti,</span> <span class='ocrx_word' id='word_1_170' title='bbox 1367 3527 1493 3616; x_wconf 82' lang='lat' dir='ltr'>aliquan</span> 
     </span>
     <span class='ocr_line' id='line_1_28' title="bbox 274 3633 1491 3734; baseline -0.004 -22"><span class='ocrx_word' id='word_1_171' title='bbox 274 3639 435 3732; x_wconf 76' lang='lat' dir='ltr'>praedicti</span> <span class='ocrx_word' id='word_1_172' title='bbox 461 3640 595 3716; x_wconf 87' lang='lat' dir='ltr'>Ordinis</span> <span class='ocrx_word' id='word_1_173' title='bbox 619 3643 804 3716; x_wconf 81' lang='lat' dir='ltr'>limlesiam</span> <span class='ocrx_word' id='word_1_174' title='bbox 820 3643 1025 3734; x_wconf 79' lang='lat' dir='ltr'>ubicumque</span> <span class='ocrx_word' id='word_1_175' title='bbox 1051 3643 1215 3718; x_wconf 87' lang='lat' dir='ltr'>Lomrum</span> <span class='ocrx_word' id='word_1_176' title='bbox 1233 3643 1434 3716; x_wconf 83' lang='lat' dir='ltr'>existentem</span> <span class='ocrx_word' id='word_1_177' title='bbox 1448 3633 1491 3706; x_wconf 86' lang='lat' dir='ltr'>de</span> 
     </span>
     <span class='ocr_line' id='line_1_29' title="bbox 276 3751 1491 3852; baseline -0.007 -28"><span class='ocrx_word' id='word_1_178' title='bbox 276 3751 523 3852; x_wconf 79' lang='lat' dir='ltr'>decimaquarta</span> <span class='ocrx_word' id='word_1_179' title='bbox 557 3756 683 3828; x_wconf 84' lang='lat' dir='ltr'>mansis</span> <span class='ocrx_word' id='word_1_180' title='bbox 720 3755 877 3829; x_wconf 86' lang='lat' dir='ltr'>lanuarii·</span> <span class='ocrx_word' id='word_1_181' title='bbox 897 3756 1074 3848; x_wconf 83' lang='lat' dir='ltr'>cujuslibet</span> <span class='ocrx_word' id='word_1_182' title='bbox 1105 3756 1184 3828; x_wconf 90' lang='lat' dir='ltr'>anni</span> <span class='ocrx_word' id='word_1_183' title='bbox 1208 3754 1332 3828; x_wconf 86' lang='lat' dir='ltr'>devote</span> <span class='ocrx_word' id='word_1_184' title='bbox 1357 3751 1491 3824; x_wconf 73' lang='lat' dir='ltr'>usitam-</span> 
     </span>
     <span class='ocr_line' id='line_1_30' title="bbox 275 3855 1492 3960; baseline 0.002 -24"><span class='ocrx_word' id='word_1_185' title='bbox 275 3863 351 3948; x_wconf 88' lang='lat' dir='ltr'>rlnt,</span> <span class='ocrx_word' id='word_1_186' title='bbox 376 3865 491 3958; x_wconf 84' lang='lat' dir='ltr'>ibique</span> <span class='ocrx_word' id='word_1_187' title='bbox 515 3885 576 3958; x_wconf 88' lang='lat' dir='ltr'>per</span> <span class='ocrx_word' id='word_1_188' title='bbox 593 3866 727 3958; x_wconf 87' lang='lat' dir='ltr'>aliquod</span> <span class='ocrx_word' id='word_1_189' title='bbox 753 3867 911 3958; x_wconf 89' lang='lat' dir='ltr'>temporis</span> <span class='ocrx_word' id='word_1_190' title='bbox 937 3868 1080 3960; x_wconf 87' lang='lat' dir='ltr'>spatium</span> <span class='ocrx_word' id='word_1_191' title='bbox 1103 3868 1197 3959; x_wconf 84' lang='lat' dir='ltr'>juxta</span> <span class='ocrx_word' id='word_1_192' title='bbox 1214 3871 1366 3941; x_wconf 88' lang='lat' dir='ltr'>mentem</span> <span class='ocrx_word' id='word_1_193' title='bbox 1383 3855 1492 3938; x_wconf 71' lang='lat' dir='ltr'>Sancti·</span> 
     </span>
     <span class='ocr_line' id='line_1_31' title="bbox 275 3970 1493 4070; baseline -0.002 -22"><span class='ocrx_word' id='word_1_194' title='bbox 275 3975 351 4049; x_wconf 84' lang='lat' dir='ltr'>latis</span> <span class='ocrx_word' id='word_1_195' title='bbox 378 3977 466 4052; x_wconf 88' lang='lat' dir='ltr'>Suae</span> <span class='ocrx_word' id='word_1_196' title='bbox 482 3977 603 4052; x_wconf 83' lang='lat' dir='ltr'>devote</span> <span class='ocrx_word' id='word_1_197' title='bbox 620 3979 796 4062; x_wconf 87' lang='lat' dir='ltr'>oraverint,</span> <span class='ocrx_word' id='word_1_198' title='bbox 822 3978 1064 4070; x_wconf 77' lang='lat' dir='ltr'>indulgentiam</span> <span class='ocrx_word' id='word_1_199' title='bbox 1083 3979 1267 4052; x_wconf 84' lang='lat' dir='ltr'>Pleuatiam</span> <span class='ocrx_word' id='word_1_200' title='bbox 1285 3970 1493 4070; x_wconf 84' lang='lat' dir='ltr'>ineipieodau</span> 
     </span>
     <span class='ocr_line' id='line_1_32' title="bbox 275 4087 1493 4184; baseline -0.002 -26"><span class='ocrx_word' id='word_1_201' title='bbox 275 4105 295 4158; x_wconf 92' lang='lat' dir='ltr'>a</span> <span class='ocrx_word' id='word_1_202' title='bbox 320 4088 439 4180; x_wconf 85' lang='lat' dir='ltr'>prinis</span> <span class='ocrx_word' id='word_1_203' title='bbox 464 4091 613 4183; x_wconf 79' lang='lat' dir='ltr'>vesperis</span> <span class='ocrx_word' id='word_1_204' title='bbox 637 4107 748 4182; x_wconf 84' lang='lat' dir='ltr'>usque</span> <span class='ocrx_word' id='word_1_205' title='bbox 764 4091 807 4165; x_wconf 90' lang='lat' dir='ltr'>ad</span> <span class='ocrx_word' id='word_1_206' title='bbox 823 4109 979 4164; x_wconf 78' lang='lat' dir='ltr'>oceasum</span> <span class='ocrx_word' id='word_1_207' title='bbox 1002 4091 1084 4164; x_wconf 84' lang='lat' dir='ltr'>sotis</span> <span class='ocrx_word' id='word_1_208' title='bbox 1102 4090 1253 4184; x_wconf 86' lang='lat' dir='ltr'>ejusdem</span> <span class='ocrx_word' id='word_1_209' title='bbox 1279 4089 1349 4164; x_wconf 89' lang='lat' dir='ltr'>diei</span> <span class='ocrx_word' id='word_1_210' title='bbox 1368 4087 1493 4161; x_wconf 84' lang='lat' dir='ltr'>danen</span> 
     </span>
     <span class='ocr_line' id='line_1_33' title="bbox 275 4199 1492 4294; baseline -0.007 -23"><span class='ocrx_word' id='word_1_211' title='bbox 275 4205 327 4272; x_wconf 86' lang='lat' dir='ltr'>ter</span> <span class='ocrx_word' id='word_1_212' title='bbox 352 4201 541 4293; x_wconf 87' lang='lat' dir='ltr'>impertitus</span> <span class='ocrx_word' id='word_1_213' title='bbox 566 4209 627 4276; x_wconf 84' lang='lat' dir='ltr'>est.</span> <span class='ocrx_word' id='word_1_214' title='bbox 646 4203 920 4294; x_wconf 81' lang='lat' dir='ltr'>Qumusoumqne</span> <span class='ocrx_word' id='word_1_215' title='bbox 944 4202 978 4276; x_wconf 90' lang='lat' dir='ltr'>iu</span> <span class='ocrx_word' id='word_1_216' title='bbox 995 4205 1196 4276; x_wconf 74' lang='lat' dir='ltr'>mutianum</span> <span class='ocrx_word' id='word_1_217' title='bbox 1221 4199 1419 4276; x_wconf 80' lang='lat' dir='ltr'>iacientibus</span> <span class='ocrx_word' id='word_1_218' title='bbox 1435 4207 1492 4266; x_wconf 90' lang='lat' dir='ltr'>nen</span> 
     </span>
     <span class='ocr_line' id='line_1_34' title="bbox 276 4311 1492 4408; baseline -0.003 -20"><span class='ocrx_word' id='word_1_219' title='bbox 276 4311 497 4390; x_wconf 82' lang='lat' dir='ltr'>obstantibus.</span> <span class='ocrx_word' id='word_1_220' title='bbox 522 4315 703 4408; x_wconf 79' lang='lat' dir='ltr'>voluitque</span> <span class='ocrx_word' id='word_1_221' title='bbox 727 4314 851 4392; x_wconf 84' lang='lat' dir='ltr'>Eadem</span> <span class='ocrx_word' id='word_1_222' title='bbox 878 4316 1040 4392; x_wconf 77' lang='lat' dir='ltr'>Samnitas</span> <span class='ocrx_word' id='word_1_223' title='bbox 1065 4317 1132 4390; x_wconf 89' lang='lat' dir='ltr'>Soa</span> <span class='ocrx_word' id='word_1_224' title='bbox 1158 4315 1244 4390; x_wconf 79' lang='lat' dir='ltr'>liant</span> <span class='ocrx_word' id='word_1_225' title='bbox 1268 4313 1407 4405; x_wconf 80' lang='lat' dir='ltr'>gratiam</span> <span class='ocrx_word' id='word_1_226' title='bbox 1431 4320 1492 4400; x_wconf 82' lang='lat' dir='ltr'>per·</span> 
     </span>
    </p>
   </div>
   <div class='ocr_carea' id='block_1_10' title="bbox 0 0 1564 4924">
    <p class='ocr_par' dir='ltr' id='par_1_10' title="bbox 0 0 1564 4924">
     <span class='ocr_line' id='line_1_35' title="bbox 0 0 1564 4924; baseline 0 1"><span class='ocrx_word' id='word_1_227' title='bbox 0 0 1564 4924; x_wconf 95' lang='lat' dir='ltr'> </span> 
     </span>
    </p>
   </div>
  </div>
 </body>
</html>
