3214 4928
591 384 783 450 ..33-

102 515 149 588 ub
170 515 282 608 queris
310 523 496 610 praetextu,
523 526 580 592 aut
604 519 757 611 quaesito
783 518 904 603 colore,
931 518 1031 591 etiam
1049 537 1068 590 a
1088 523 1208 611 sponte
1224 518 1304 592 dao-

99 629 177 712 lbos,
200 636 255 702 ant
279 630 377 704 titulo
402 630 627 704 eleemosinae
657 634 807 725 recipere
833 631 990 717 audeant,
1022 638 1079 704 aut
1103 632 1206 724 recipi
1231 651 1305 724 per·

98 742 204 814 nitunt
224 743 294 816 sub
322 743 442 817 iisdem
458 745 576 837 poenis
594 744 759 818 contentis
784 746 819 816 in
845 763 946 836 supra
963 749 1148 816 memorato
1164 745 1304 817 Decreto
1373 795 1377 804 .

97 853 166 926 edito
187 854 239 928 die
266 861 289 928 6
317 859 424 932 blartii
453 864 557 943 l608,
584 875 628 930 ne
654 856 947 931 confraternitates
964 855 1195 947 aggregandae
1211 876 1304 930 sum-

95 967 184 1055 pt'bus
208 968 353 1040 ninnium
379 976 570 1062 graventur,
598 975 632 1042 et
658 974 695 1041 nt
712 987 830 1042 omnes
852 969 1045 1060 intelligant,
1064 968 1226 1041 coelestes
1243 967 1306 1040 Eo-

94 1077 191 1150 desiae
214 1079 409 1153 Thesauros
434 1100 504 1154 nou
534 1089 694 1172 quaestus
726 1088 782 1153 ant
808 1081 947 1172 alicujus
980 1080 1063 1152 lucri
1096 1099 1218 1164 cansa,
1245 1078 1307 1152 sed

93 1189 125 1258 al
143 1191 295 1280 pietatem
323 1193 487 1266 Fidelinm
512 1193 723 1267 excitandam
749 1211 795 1266 ox
815 1192 1026 1284 Apostolioae
1043 1191 1140 1264 Sedis
1157 1191 1308 1282 benigni·

94 1307 142 1372 tate
163 1305 294 1395 aperiri.
324 1307 455 1392 Quibus
480 1323 540 1398 per
568 1325 624 1378 me
656 1305 880 1377 secretarium
914 1302 1132 1374 sanctissimo
1165 1303 1307 1374 Domino

92 1413 188 1485 b'ostro
212 1416 382 1492 Clementi
407 1421 454 1491 xl
479 1419 600 1502 relatis,
627 1417 792 1490 Sanctitas
809 1417 876 1490 Sua
896 1417 1017 1488 saonae
1034 1413 1308 1506 congregationis

93 1525 248 1602 bccmmnr
275 1532 485 1623 approbarit,
512 1538 545 1604 et
569 1533 603 1604 in
630 1531 787 1603 omnibus
814 1529 1005 1602 executioni
1030 1527 1181 1600 mandari
1196 1526 1307 1618 jussit.

148 1639 265 1716 Datum
293 1642 348 1716 die
377 1647 423 1715 l0
448 1643 571 1736 Aprilis
599 1648 704 1714 l720.

677 1757 705 1827 l.
732 1755 770 1826 b.
798 1754 901 1827 clnn.
928 1754 1137 1825 Pannonicos

528 1866 686 1960 Ropbcel
715 1869 854 1940 cosmus
880 1864 922 1939 de
948 1863 1164 1956 cleronomis
1185 1863 1309 1936 Secret.

636 2065 751 2138 XLVI.

550 2209 737 2264 socrorarrs
762 2208 836 2262 rnsu

150 2316 200 2390 ld
223 2315 435 2390 humillimas
461 2333 578 2408 preces
603 2316 717 2389 Aloisii
743 2315 851 2387 Fortis
876 2311 1050 2386 societatis
1070 2312 1151 2386 lesu
1171 2310 1312 2400 Praepo

94 2427 135 2500 siti
163 2429 337 2504 Generalis
372 2429 610 2502 sanctissimus
642 2430 681 2501 b.
707 2429 745 2500 Ν.
773 2427 920 2517 benigne
948 2441 1101 2496 annuens
1134 2420 1244 2493 eidem
1275 2437 1314 2490 ac

93 2540 205 2614 ticario
231 2542 400 2625 Generali,
426 2548 498 2615 tum
524 2560 603 2618 cum
628 2540 780 2633 ejusdem
797 2540 887 2612 vices
904 2537 1029 2620 lecerit,
1047 2533 1236 2606 laenitatem
1254 2531 1314 2602 im-

93 2653 216 2744 pertitus
241 2661 297 2728 est
321 2654 527 2747 aggregandi
552 2653 844 2728 confraternitates
861 2647 1038 2724 subtituto
1055 2643 1313 2732 Bonaeblortis3

95 2765 284 2860 iisdemque
309 2769 359 2840 sic
384 2767 570 2858 aggregatis
597 2772 631 2840 et
655 2765 814 2838 canonice
832 2764 962 2844 erectis,
980 2775 1099 2832 omnes
1117 2765 1150 2832 et
1166 2756 1315 2848 singulas

95 2877 306 2971 indulgentias
332 2899 351 2950 a
377 2877 697 2952 Praedecessoribus
723 2878 794 2950 suis
811 2873 1029 2949 Pontificibus
1041 2873 1120 2945 boio
1137 2869 1316 2963 primariae

97 2988 337 3084 Congregationi
363 2988 463 3063 Urbis
489 2991 554 3064 sub
579 2988 700 3064 eodem
726 2989 820 3061 titulo
847 2989 959 3060 Bonae
983 2985 1098 3059 Mortis
1118 2984 1153 3054 in
1167 2981 1317 3054 Ecclesia

97 3101 171 3186 tesn,
195 3103 238 3176 de
263 3103 393 3195 quain
418 3103 574 3195 precibus
601 3101 742 3174 eristen.
770 3117 948 3174 concessas
973 3091 1244 3170 communicandi
1269 3091 1316 3162 la-

98 3215 234 3289 enitatem
252 3217 378 3310 pariter
400 3215 556 3308 elargitus
573 3221 634 3288 est.
655 3215 730 3290 Non
751 3212 960 3286 obstantibus
978 3211 1014 3283 in
1031 3206 1234 3282 contrarium
1252 3210 1315 3278 eto.

100 3323 253 3402 taeenti
280 3329 315 3399 in
340 3333 543 3420 perpetuum
568 3327 718 3400 valituro.
746 3327 864 3398 Datum
892 3331 954 3396 ete.

158 3441 216 3515 ilie
243 3445 266 3512 d
292 3439 465 3515 Februarii
494 3444 598 3512 lici.

633 3637 762 3710 XLVll.

161 3776 272 3872 Nuper
296 3775 419 3852 Sacrae
444 3777 698 3870 congregationi
716 3774 944 3866 indulgentiis,
962 3771 1141 3862 sacrisque
1158 3765 1319 3857 deliquiis

107 3893 296 3981 bttqositae
321 3891 468 3965 delatum
493 3889 564 3974 luit,
592 3889 718 3982 passim
736 3888 883 3979 evulgari
901 3884 1130 3961 summarium
1147 3877 1319 3972 quoddam

108 3993 372 4095 Indulgentiarnm
404 4003 603 4077 Germanico
635 4001 792 4075 idiomate
825 3999 1069 4092 conscriptum,
1099 3990 1193 4086 qnod
1220 3991 1321 4063 latine

110 4127 224 4189 tecum
248 4118 365 4210 incipit
389 4145 401 4180 ι
426 4115 676 4208 Indulgentiae,
705 4133 793 4205 quoe
819 4131 996 4186 creocessoe
1025 4109 1208 4203 [ceroma
1236 4105 1319 4176 Suu.

112 4239 193 4299 meto.
222 4231 318 4304 Slcto
351 4230 385 4314 V,
415 4229 553 4302 Urbano
586 4227 679 4310 till,
707 4225 905 4299 innocentio
932 4223 981 4303 X,
1007 4213 1210 4294 Ateaoadro
1244 4215 1321 4297 Vll,

114 4331 258 4418 deame
283 4343 335 4420 lX
360 4359 462 4438 muer
489 4339 641 4422 coronis,
675 4339 851 4422 crucibus,
882 4334 984 4428 sectis
1011 4327 1267 4420 Hierosolymis,
1290 4331 1322 4399 et

215 4459 234 4525 o
