3130 4920
770 308 988 380 -3ll-

268 450 341 536 ctis,
367 455 468 544 atque
493 448 699 524 inhaerendo
715 447 988 524 concessionibus
1013 445 1067 520 tel.
1085 461 1150 522 rec.
1177 443 1299 519 Leonis
1323 442 1386 518 ΡΡ.
1402 443 1447 516 lv
1462 449 1494 516 et

267 565 435 638 Paschalis
461 566 523 638 ΡΡ.
541 565 569 636 ss
585 564 886 638 Praedecessmum
911 579 1062 644 suorum,
1088 559 1146 653 qui
1163 559 1302 651 siugulis
1321 557 1495 648 utriusque

268 696 372 750 senus
398 677 675 752 christifidelibus
701 676 802 750 corde
826 677 944 750 saltem
969 671 1110 748 mntrlto
1134 671 1322 756 omnibus,
1348 671 1402 743 uel
1426 688 1495 743 nne-

267 790 448 864 ditantibus
472 792 667 864 Passionem
692 791 731 864 l).
757 789 796 862 N.
821 790 902 862 lesu
926 787 1059 870 Christi,
1077 793 1111 860 el
1133 784 1381 878 praelaudatam
1398 783 1496 856 Sclua-

264 903 333 975 lam
358 904 514 975 Sanctam
538 904 636 977 lleris
662 903 803 995 genibus
828 898 1084 973 ascendentibus
1108 896 1352 990 indulgentiam
1375 914 1495 969 nouem

265 1033 432 1088 annorum
464 1033 526 1108 pro
552 1014 699 1107 qualibet
733 1013 838 1108 gradu
863 1029 1069 1086 mucescere.
1095 1009 1240 1084 Easdem
1272 1008 1496 1102 indulgentias

265 1126 360 1202 ldem
384 1127 622 1204 sanctissimus
646 1147 717 1203 uon
747 1125 850 1200 modo
874 1124 1045 1220 perpetuis
1069 1123 1188 1200 tuturis
1212 1122 1443 1216 temporibus,
1468 1127 1499 1194 et

266 1239 396 1332 absque
419 1240 486 1316 ulla
511 1241 626 1314 Breuis
652 1239 865 1334 expeditione
896 1239 1053 1314 ruituras
1078 1236 1304 1322 confirmavit,
1330 1235 1395 1310 sed
1420 1253 1498 1328 qua·

265 1359 363 1426 mnus
390 1371 477 1446 opus
502 1353 545 1426 sit
569 1351 612 1426 de
638 1372 726 1426 nouo
753 1352 939 1448 impertitus
966 1357 1035 1440 est3
1052 1356 1086 1424 et
1101 1356 1139 1423 ut
1163 1349 1340 1424 animabus
1366 1347 1499 1422 Christi

264 1463 425 1552 fidelium,
453 1483 540 1558 quae
565 1466 635 1540 lieo
660 1467 696 1540 in
721 1467 881 1540 onauute
904 1465 1099 1556 conjunctae
1125 1481 1168 1538 cx
1193 1463 1258 1536 bac
1281 1463 1357 1536 luce
1378 1461 1497 1553 migra·

264 1577 384 1662 verint,
409 1595 470 1670 per
495 1576 635 1652 mudum
659 1577 808 1670 suffragii
826 1577 982 1671 applicari
1002 1575 1133 1672 possint
1157 1575 1193 1648 iu
1216 1574 1362 1650 Domino
1379 1574 1499 1666 pariter

265 1689 440 1762 concessit.
467 1690 588 1763 Datum
613 1691 738 1762 Romae
764 1707 808 1762 ex
834 1689 1017 1763 Secretarla
1046 1689 1119 1760 Sac.
1146 1686 1425 1780 congregationis
1449 1685 1498 1758 lu·

265 1800 512 1893 dulgentiarum
538 1800 593 1874 die
618 1807 640 1872 2
666 1801 873 1896 Septembris
901 1805 1007 1873 ltili.

848 1914 875 1988 1.
901 1912 959 1987 Pu.
987 1912 1091 1987 Cano.
1118 1912 1238 1984 Scorrr
1263 1911 1476 1986 rao-Pauus.

903 2026 1054 2118 Aopclus
1082 2024 1258 2118 Cosconii
1285 2025 1414 2100 secret

840 2221 919 2296 CDI.
1037 2221 1039 2226 ’

744 2369 838 2423 onais
863 2370 904 2422 ET
930 2368 1023 2422 oanis

337 2473 395 2548 Pia
419 2475 636 2549 summorum
670 2477 867 2549 Pontificum
893 2495 971 2550 cura
997 2475 1148 2549 omnium
1166 2474 1264 2548 saluti
1290 2475 1497 2568 prospiciens

262 2585 306 2660 de
331 2587 495 2660 thesauris
529 2588 697 2661 Ecclesiae
720 2587 946 2680 indulgentias
970 2587 1097 2662 nedum
1122 2587 1313 2662 viventibus
1330 2586 1496 2671 fidelibus,

263 2699 325 2774 sed
350 2717 411 2792 por
436 2717 552 2774 earum
577 2701 831 2795 applicationem
857 2701 956 2774 etiam
974 2701 1008 2773 iu
1032 2700 1176 2775 Domino
1201 2697 1367 2776 deiunctis
1384 2699 1430 2776 ad
1452 2717 1498 2772 re

262 2811 465 2886 laxationem
481 2831 611 2906 poenae
636 2813 776 2906 singulis
791 2813 1000 2908 temporibus
1020 2813 1151 2905 elargiri
1168 2813 1361 2902 consueuit3
1379 2831 1424 2888 eo
1439 2812 1498 2886 ior

261 2929 352 2998 tasse
376 2923 506 3018 pietatis
539 2927 696 3012 obtentu,
722 2933 759 3000 ut
785 2932 906 3002 erube
933 2925 1130 3018 corporibus
1155 2925 1304 3010 animae,
1332 2943 1424 3017 quac
1448 2941 1496 3000 re·

261 3035 458 3112 missionem
483 3037 548 3112 sibi
574 3039 717 3114 emereri
735 3057 804 3112 nou
821 3038 963 3124 ualeant,
988 3037 1160 3112 militantis
1184 3037 1354 3112 Ecclesiae
1373 3037 1497 3114 collatis

261 3147 428 3241 suffragiis
453 3156 749 3242 consequerentur.
782 3151 907 3223 volens
933 3150 1032 3244 igitur
1065 3149 1303 3224 sanctissimus
1335 3149 1496 3224 Dominus

261 3259 381 3336 Noster
406 3259 485 3337 Pius
510 3263 572 3336 ΡΡ.
598 3263 657 3335 vll
682 3280 726 3336 ex
742 3261 903 3336 Pastorali
930 3259 1047 3336 Officio
1064 3266 1097 3336 et
1120 3261 1288 3336 charitate
1312 3261 1495 3337 animarum

263 3372 362 3448 soluti
377 3379 516 3468 paterne
532 3376 717 3462 consulere,
732 3392 851 3453 omues
867 3373 984 3450 fideles
996 3373 1088 3450 adli.
1101 3373 1224 3450 llariae
1236 3374 1385 3466 Virginis
1401 3373 1497 3450 dero

262 3485 389 3562 donem
410 3487 542 3572 inritat,
569 3493 606 3562 ut
623 3488 695 3581 ipsa
718 3488 778 3562 Dei
795 3489 899 3564 Mater
915 3488 996 3580 liius
1020 3487 1260 3562 intercessione
1284 3486 1492 3570 validissima,

262 3602 332 3672 tam
355 3597 474 3674 fideles
497 3599 533 3674 in
557 3599 620 3674 bac
644 3601 711 3674 vita
735 3599 932 3692 degentesa
955 3599 1051 3672 malis
1076 3599 1329 3674 imminentibus
1346 3599 1492 3682 liberam

258 3728 362 3804 quam
386 3711 459 3784 illos
485 3730 528 3786 ex
553 3713 618 3786 isio
643 3713 792 3806 corporis
817 3711 992 3805 Ergastulu
1018 3712 1144 3786 solutos
1170 3731 1190 3784 a
1215 3713 1400 3804 iurgaturi
1422 3728 1493 3805 poe

260 3823 314 3898 nis
340 3823 470 3918 eripere
494 3823 695 3917 dignaretur.
726 3825 969 3900 Nonnullurum
994 3826 1126 3917 piorum
1153 3823 1309 3900 Virorum
1334 3824 1492 3919 supplica·

261 3935 409 4014 tionibus
441 3937 635 4023 inclinatus,
661 3937 905 4032 indulgentiam
933 3937 1122 4012 bisceutum
1148 3936 1280 4012 dierum
1305 3957 1325 4012 a
1349 3938 1403 4014 let.
1429 3953 1491 4012 rec

263 4048 358 4124 Sixto
383 4049 413 4124 ll
441 4057 474 4126 et
498 4050 677 4126 Beneddo
693 4052 769 4126 Xlll
790 4051 947 4126 omuibus
972 4049 1148 4140 utriusque
1173 4067 1277 4124 sexus
1294 4049 1492 4124 Christilide

262 4159 369 4247 libus,
395 4163 527 4257 quoties
552 4164 696 4240 litanias
721 4165 760 4239 B.
786 4165 830 4240 ll.
857 4162 1003 4254 Virginis
1028 4161 1129 4236 corde
1154 4163 1272 4236 saltem
1298 4163 1438 4238 contrito
1458 4177 1492 4234 ac

264 4271 385 4352 deuote
416 4275 645 4361 recitaverint,
670 4291 885 4361 concessam,
909 4292 979 4350 uon
1002 4273 1105 4350 modo
1129 4273 1353 4364 confirmavit,
1379 4291 1491 4352 uerum
