3130 4920
786 459 834 476 -
862 429 932 494 3t0
959 459 1005 476 -

275 547 410 639 ditione.
436 565 557 637 Datum
582 563 708 636 tiamne
732 577 776 635 ox
801 561 984 635 &noterio
999 562 1073 634 Soc.
1099 558 1374 652 congregationis
1399 559 1503 636 indui

274 679 462 772 genitarum
487 675 542 750 die
568 681 614 748 25
640 675 783 768 Augusti
811 679 944 769 1820„

996 786 1033 860 B.
1059 784 1162 860 cono.
1189 785 1285 860 Nono
1310 784 1434 862 Panos.

966 897 1116 990 Anpetnn
1138 897 1315 990 Gastapntt
1342 900 1465 974 secret.

761 1087 1024 1184 onnztonc

384 1237 417 1291 tn
442 1235 589 1292 nasoon
614 1234 720 1296 onnon
745 1234 898 1290 nnsstonc
922 1235 943 1288 a
968 1233 1079 1294 nonno
1102 1234 1165 1288 aec
1189 1233 1222 1288 n.
1248 1235 1276 1289 s.
1303 1235 1336 1314 a.
1364 1235 1396 1289 c.

583 1347 662 1402 ,coo
687 1348 750 1401 non
775 1346 1008 1400 momtoonzn
1032 1345 1066 1400 o1
1090 1347 1186 1400 som

483 1461 512 1513 sn
536 1440 591 1513 nn’
618 1459 791 1512 nonnam
815 1458 923 1512 nocuo
938 1459 973 1512 tn
997 1458 1115 1512 uncos
1142 1457 1296 1514 nonanta

346 1571 436 1641 Dens
463 1567 521 1659 pai
532 1585 600 1660 pro
618 1565 858 1660 Roacrnptionc
882 1565 1003 1638 manat
1027 1565 1165 1640 notanti
1175 1566 1288 1648 nosci,
1307 1566 1503 1645 circuncidi
1521 1635 1528 1652 ,

273 1679 461 1754 otoaoeis
488 1679 689 1772 reprobari,
716 1697 740 1752 a
763 1676 856 1750 todo
881 1675 1049 1750 traditore
1081 1678 1196 1752 osenia
1221 1675 1336 1762 tradi,
1363 1679 1503 1754 vincatis

272 1792 428 1884 citipori,
454 1791 541 1864 sioni
566 1809 679 1883 apnns
701 1791 860 1864 innocens
876 1788 925 1862 ad
940 1789 1117 1862 victimam
1141 1788 1232 1872 anci,
1250 1794 1355 1882 atone
1372 1809 1502 1886 eonspe-

272 1904 381 1978 ctibas
398 1903 530 1986 Annae,
547 1901 710 1996 Caiphae,
728 1903 836 1976 Pilati
848 1906 881 1974 et
892 1901 1039 1986 Herodis
1055 1901 1243 1980 miano
1258 1903 1390 1996 offerri,
1409 1925 1435 1978 a
1445 1905 1503 1999 [at-

269 2017 315 2090 sis
340 2015 672 2097 testibus-acansori,
697 2014 853 2108 popellis,
872 2019 905 2086 et
929 2014 1121 2106 opprobriis
1141 2015 1277 2097 oecon,
1303 2018 1415 2108 spatis
1432 2035 1502 2090 con·

232 2119 235 2124 ’
269 2127 357 2221 spei,
383 2127 488 2220 spinis
514 2129 694 2210 coronari,
722 2125 875 2219 catapiis
901 2125 1017 2208 caedi,
1044 2125 1215 2200 ornncrne
1236 2130 1394 2220 pacati,
1420 2130 1501 2224 [acic

269 2239 389 2323 natori,
415 2239 560 2313 vastitas
586 2239 678 2321 ocni,
707 2238 808 2312 Gnrai
832 2239 938 2315 clanis
963 2237 1070 2334 attipi,
1088 2239 1124 2311 in
1144 2239 1250 2313 Gracc
1275 2241 1402 2324 tenori,
1420 2243 1501 2315 inter

271 2353 420 2425 tatrones
446 2350 618 2444 deputari,
644 2351 723 2444 [otte
739 2354 773 2423 et
789 2354 885 2424 aceto
905 2351 1038 2443 potari,
1056 2353 1089 2444 et
1106 2350 1228 2424 iancea
1244 2353 1438 2427 ontnerari
1458 2355 1500 2425 tir

270 2465 415 2537 Domine
436 2484 501 2558 per
527 2463 591 2537 tros
615 2464 846 2537 sanctissimas
866 2483 998 2556 poenas
1023 2468 1119 2544 teras,
1142 2482 1228 2556 atras
1253 2483 1316 2558 epo
1342 2465 1499 2560 inotpnns

269 2577 382 2650 recoto
409 2582 442 2649 et
453 2595 520 2670 per
538 2577 571 2648 S.
592 2575 732 2648 Crucem
749 2580 782 2648 a
797 2581 942 2650 mortem
967 2581 1063 2649 taam
1080 2575 1189 2649 libera
1205 2594 1260 2650 rne
1276 2579 1327 2668 (t)
1344 2581 1403 2668 (ot
1418 2580 1498 2652 hooc

267 2687 429 2762 {amotum
459 2693 554 2759 ioum
579 2687 618 2760 N.
646 2687 897 2778 agonizantem)
922 2709 945 2761 a
966 2688 1086 2781 poenis
1111 2687 1237 2782 interni
1262 2693 1295 2762 et
1316 2689 1499 2784 perdocere

268 2797 418 2890 dipnaris
443 2815 510 2890 pao
531 2797 728 2891 pcrdacisti
753 2800 922 2872 iatronem
947 2805 1056 2873 rocon
1084 2799 1312 2895 Crnaisicnm,
1340 2805 1404 2896 ani
1428 2821 1497 2878 carn

169 2975 173 2986 .
266 2911 372 2986 Patre
396 2915 429 2982 et
455 2911 587 3003 spirita
612 2913 738 2984 Sancto
763 2911 850 2986 oiois
874 2916 907 2984 ot
930 2929 1055 3003 ropnos
1079 2913 1171 2986 Detts
1191 2931 1258 3004 per
1283 2918 1406 2988 omnio
1434 2933 1497 2989 sac

266 3024 346 3096 cata
370 3024 595 3097 saecolorum.
621 3025 738 3098 Arnen.

312 3133 523 3208 Addantnr
549 3136 696 3228 cainone
720 3138 837 3218 Pater,
862 3135 933 3209 Aac
958 3139 991 3208 ct
1018 3135 1149 3210 Gloria.
1544 3195 1545 3221 p

291 3247 465 3339 Sipn'or
488 3250 558 3320 mio
578 3249 664 3322 Genio
692 3249 813 3331 Crista,
831 3247 891 3322 atta
907 3267 974 3341 per
989 3246 1156 3321 redimere
1171 3249 1199 3323 it
1214 3249 1356 3334 mando,
1376 3253 1491 3326 coteste
1543 3269 1544 3295 t

263 3376 402 3431 aescae
428 3362 485 3431 tra
501 3360 560 3432 noi
582 3360 744 3453 passibile
760 3378 778 3433 e
794 3361 952 3442 mortale,
978 3377 1084 3434 essere
1100 3359 1297 3446 ciconcrso,
1319 3363 1490 3457 riproooto
1541 3393 1542 3451 t

263 3469 535 3563 epersepaitato
561 3471 624 3545 dai
650 3471 784 3554 Giadei,
811 3470 941 3545 trcrtiio
967 3469 1016 3544 do
1042 3470 1157 3545 Ginda
1185 3477 1300 3547 vostro
1328 3473 1489 3569 discepoto

263 3599 328 3655 con
353 3599 400 3654 nn
423 3583 592 3676 sacritapo
618 3582 728 3666 nocio,
755 3603 774 3657 c
798 3582 893 3675 onot’·
900 3583 1044 3676 Apnetto
1069 3587 1247 3658 nomano
1265 3584 1309 3659 aa
1323 3587 1489 3660 innocente

262 3712 326 3769 con
350 3693 426 3790 pirri
450 3695 564 3787 topato
590 3694 633 3768 oa
658 3695 993 3770 obbrotnn‘osanteate
1017 3696 1205 3770 trascinato
1223 3699 1262 3771 ai
1278 3699 1444 3774 tribanati
1456 3697 1488 3769 a·

262 3807 383 3889 Anno,
411 3805 585 3901 Goifasso,
611 3807 726 3881 Pitoto
753 3807 796 3882 ad
820 3807 953 3890 Eraria
978 3808 1103 3882 coteste
1129 3806 1188 3881 cto’
1201 3809 1284 3904 [atsi
1316 3809 1487 3886 testimonii

262 3935 379 3992 essere
394 3924 567 4003 accnmto,
585 3920 753 3994 straciato
780 3918 842 3993 dai
865 3919 1007 4013 papate
1025 3939 1043 3992 a
1060 3923 1225 3995 cantato
1244 3922 1281 3998 cti
1296 3924 1402 4018 spine,
1414 3941 1485 4016 per·

262 4048 355 4105 cosso
380 4049 444 4106 con
468 4029 609 4124 satiati,
636 4031 800 4107 iasattato
826 4049 891 4106 con
914 4032 1017 4126 spati,
1039 4051 1058 4105 e
1081 4033 1195 4108 oeioto
1207 4053 1275 4129 per
1299 4033 1487 4110 minaci

260 4147 374 4224 norton
400 4141 496 4217 ctioin
519 4143 625 4224 cotto,
651 4144 688 4218 in
711 4145 805 4218 rnitto
830 4145 926 4237 pnisc
950 4144 1090 4237 nitipeso
1116 4146 1341 4240 ottrappiata,
1359 4147 1482 4222 mian

334 4373 381 4458 (t)
401 4373 433 4442 Si
452 4373 656 4458 Wrwiitnr
675 4391 731 4458 pro
750 4375 849 4460 aiipno
868 4375 1053 4461 marana.
