3134 4918
728 360 773 376 -
806 272 870 392 aaa
892 341 944 374 ·-

750 529 921 648 nxxvu,
941 517 947 532 “

739 713 921 786 anicien.

289 909 386 983 idem
410 908 875 1004 Episcopus'indulpentiam
890 908 1093 983 Planasiam
1110 909 1147 982 in
1163 908 1279 1004 somna
1303 909 1456 996 tubiluci

211 1042 280 1126 pro
305 1021 458 1096 Ecclesia
486 1019 686 1096 cathedrali
711 1041 794 1095 suae
819 1022 987 1096 itioecesis
1012 1041 1035 1095 a
1060 1021 1242 1096 Benedicta
1268 1022 1361 1095 liiii
1375 1040 1456 1096 con·

215 1136 405 1229 firmatam,
430 1135 491 1208 snb
518 1133 639 1208 datum
665 1139 687 1205 6
713 1135 860 1227 inpasti
888 1138 987 1212 1811·
1008 1155 1031 1209 a
1059 1134 1144 1208 Sede
1169 1135 1369 1227 apostolica
1396 1152 1458 1206 ea·

217 1253 348 1322 tensam
367 1266 436 1340 pro
464 1246 526 1320 loc
552 1265 644 1319 anno
663 1245 720 1319 cd
753 1244 932 1322 duodecim
965 1245 1037 1320 dies
1070 1245 1340 1342 alpramedemi
1364 1245 1459 1339 [ecia

217 1361 339 1451 quinta
363 1360 400 1434 in
427 1359 540 1433 Coena
566 1359 706 1433 Domini
722 1357 943 1451 incipiendus,
971 1363 1004 1432 ct
1029 1358 1278 1433 enummondos
1294 1359 1459 1438 obtinuit,

218 1471 353 1564 quaerit
377 1489 466 1549 nnnc
493 1490 517 1542 a
543 1472 619 1543 Suc.
649 1471 772 1563 conpr.
799 1475 916 1544 utrum
940 1472 977 1544 in
1001 1472 1255 1549 enumeratione
1274 1469 1460 1544 duodecim

217 1583 351 1657 dierum
367 1579 676 1676 comprelmdatnr
693 1584 829 1676 intepra
845 1583 935 1676 seria
952 1585 1073 1675 putato
1081 1604 1095 1672 ;
1121 1589 1183 1658 ant
1195 1569 1283 1677 pura
1305 1586 1459 1664 tantum,

216 1713 336 1789 mmpe
362 1691 556 1778 aboccasn
573 1696 660 1769 ,solis
685 1693 794 1788 seriae
820 1695 983 1786 quintae?

93 1833 96 1841 ·
152 1895 158 1908 ,
291 1809 365 1880 Sao.
392 1807 611 1899 congregatio
628 1808 801 1900 respondit
825 1808 1017 1881 «Sbndum
1043 1808 1086 1892 ad
1110 1809 1251 1883 verbum
1269 1807 1463 1882 concessio

218 1921 282 2005 nis,
309 1937 396 2012 quae
420 1936 489 1991 non
506 1919 664 2011 exprimit
681 1920 780 1993 talem
796 1919 1040 2012 indulgentiam
1065 1920 1291 2012 incipiendam
1317 1939 1395 2014 esse
1420 1920 1463 1993 ab

218 2047 339 2104 occasu
355 2029 435 2102 sniis
451 2028 553 2103 leriae
578 2031 725 2121 quintae,
743 2030 804 2106 sed
821 2033 932 2125 potius
950 2033 992 2106 ab
1009 2032 1139 2124 integra
1163 2031 1255 2116 teria,
1283 2049 1373 2124 qnae
1391 2031 1463 2123 pri-

218 2161 273 2216 ma
299 2141 361 2215 erit
386 2161 430 2215 ex
454 2140 632 2215 duodecim
658 2143 840 2235 designatis
865 2144 986 2218 diebus
1003 2143 1252 2238 computanda»
1277 2144 1325 2218 ita
1350 2141 1463 2216 decia·

187 2333 188 2340 Ν
220 2255 304 2332 ravit
328 2255 402 2338 ,San
428 2253 550 2348 Gunugu.
577 2255 631 2330 die
658 2261 704 2328 28
729 2256 1009 2330 ianuarii-1842.

751 2465 929 2540 bxxvni.

724 2639 954 2738 nonnouncnn.

296 2817 416 2889 Plures
442 2816 641 2908 Sacerdotes
666 2819 834 2892 Diocaesls
850 2818 1134 2913 Rotlomapensis
1156 2819 1234 2894 Soc.
1263 2818 1464 2913 concrepa·

89 3039 97 3048 .
225 2930 310 3001 tioni
336 2927 451 3016 dubia,
468 2929 640 3019 acaedam
665 2930 829 3004 soluenda
853 2936 1061 3024 proponant,
1087 2938 1131 3006 ut
1151 2931 1256 3026 infra.

301 3039 350 3112 i.⁰
375 3041 428 3132 dn
455 3041 668 3136 benefaciant
694 3043 920 3118 benedicendo
948 3045 1101 3119 Coronas
1131 3044 1331 3119 ordinarias
1363 3047 1462 3136 puin·

226 3172 289 3244 pue
315 3151 484 3226 decadam
501 3173 578 3227 cum
595 3155 826 3249 applicatione
843 3154 1144 3250 indnlpmtiarnm
1159 3159 1271 3234 Dione
1287 3157 1464 3250 Birpittoe

227 3269 537 3357 utamupaturnmi
982 3327 985 3334 .

299 3376 372 3452 Sao.
399 3375 618 3474 congregatio
643 3381 816 3475 respondit
840 3383 1033 3474 ‹Negatise
1051 3384 1115 3456 nisi
1140 3382 1337 3457 Sacerdotes
1364 3399 1465 3474 pecu·

225 3490 323 3563 lieres
348 3488 494 3563 habeant
517 3490 688 3568 facultates
706 3493 748 3582 ab
765 3494 954 3588 apostoliea
971 3495 1059 3569 Sede
1075 3497 1279 3591 impetratas,
1298 3483 1465 3586 quaeque

225 3603 261 3674 in
292 3601 567 3700 concessionibus
593 3605 827 3697 exprimuntur
851 3625 913 3699 pec
937 3608 991 3680 iiia
1016 3607 1130 3692 verba,
1160 3615 1217 3682 aut
1246 3606 1369 3684 similia
1394 3622 1464 3676 «ac

118 3759 120 3764 ,
226 3711 329 3784 ctiam
355 3711 557 3806 applicandi
582 3714 818 3807 indulpentias
845 3718 992 3790 Sanctae
1017 3719 1189 3811 Birpitloe
1215 3720 1460 3810 nuncupatas»

226 3841 288 3916 per
311 3823 374 3896 ista
399 3824 490 3908 enim
515 3827 629 3912 verba,
647 3836 704 3902 aut
720 3829 848 3914 similia,
871 3848 940 3903 non
957 3828 1054 3903 datur
1079 3830 1217 3904 iacuitas
1243 3823 1467 3904 benedicendi

227 3935 375 4008 Coronas
398 3936 598 4028 Ruginium,
624 3943 738 4032 (quae
762 3959 825 4014 sex
848 3941 1032 4016 decadibus
1063 3949 1227 4028 constant,
1258 3940 1466 4030 tandemque

127 4107 129 4112 ,
228 4045 432 4120 orationibus
457 4045 643 4136 dominicis,
662 4058 695 4125 et
710 4052 909 4145 apostolicis
926 4053 1106 4144 symbolis,
1124 4061 1225 4146 atque
1250 4053 1285 4124 in
1311 4051 1381 4124 fine
1398 4067 1467 4122 una

226 4158 289 4230 alia
314 4159 462 4232 oratione
488 4161 664 4248 dominica,
691 4159 866 4256 tribusque
892 4153 1153 4269 salutationibus
1186 4163 1380 4256 angelicis)
1403 4157 1468 4234 sed

227 4266 368 4346 traditur
383 4276 532 4362 potestas
549 4273 771 4355 benedicendi
788 4276 936 4353 Coronas
952 4296 1151 4357 communes
1176 4281 1189 4370 (
1195 4273 1285 4354 idest
1305 4274 1466 4368 quinque,
