<?xml version="1.0" encoding="UTF-8"?>
<!DOCTYPE html PUBLIC "-//W3C//DTD XHTML 1.0 Transitional//EN"
    "http://www.w3.org/TR/xhtml1/DTD/xhtml1-transitional.dtd">
<html xmlns="http://www.w3.org/1999/xhtml" xml:lang="en" lang="en">
 <head>
  <title>
</title>
<meta http-equiv="Content-Type" content="text/html;charset=utf-8" />
  <meta name='ocr-system' content='tesseract 3.04.00' />
  <meta name='ocr-capabilities' content='ocr_page ocr_carea ocr_par ocr_line ocrx_word'/>
</head>
<body>
  <div class='ocr_page' id='page_1' title='image "./resolutionesseu00pringoog_0500.png"; bbox 0 0 3182 4922; ppageno 0'>
   <div class='ocr_carea' id='block_1_1' title="bbox 614 359 832 426">
    <p class='ocr_par' dir='ltr' id='par_1_1' title="bbox 614 359 832 426">
     <span class='ocr_line' id='line_1_1' title="bbox 614 359 832 426; baseline -0.018 1"><span class='ocrx_word' id='word_1_1' title='bbox 614 359 832 426; x_wconf 70' lang='grc'>-495-</span> 
     </span>
    </p>
   </div>
   <div class='ocr_carea' id='block_1_2' title="bbox 98 499 1475 4305">
    <p class='ocr_par' dir='ltr' id='par_1_2' title="bbox 100 499 1383 934">
     <span class='ocr_line' id='line_1_2' title="bbox 172 499 1338 604; baseline 0.009 -30"><span class='ocrx_word' id='word_1_2' title='bbox 172 499 222 575; x_wconf 82' lang='lat'><strong><em>3.⁰</em></strong></span> <span class='ocrx_word' id='word_1_3' title='bbox 252 505 372 577; x_wconf 84' lang='lat' dir='ltr'><strong><em>Utrum</em></strong></span> <span class='ocrx_word' id='word_1_4' title='bbox 399 500 617 591; x_wconf 69' lang='lat' dir='ltr'><strong><em>sodalitates,</em></strong></span> <span class='ocrx_word' id='word_1_5' title='bbox 645 524 734 598; x_wconf 80' lang='lat' dir='ltr'><strong><em>pune</em></strong></span> <span class='ocrx_word' id='word_1_6' title='bbox 759 507 922 579; x_wconf 81' lang='lat' dir='ltr'><strong><em>teutonice</em></strong></span> <span class='ocrx_word' id='word_1_7' title='bbox 943 505 1133 580; x_wconf 81' lang='lat' dir='ltr'><strong><em>isiuteiont</em></strong></span> <span class='ocrx_word' id='word_1_8' title='bbox 1155 513 1235 604; x_wconf 81' lang='lat' dir='ltr'><strong><em>onte</em></strong></span> <span class='ocrx_word' id='word_1_9' title='bbox 1261 515 1338 584; x_wconf 87' lang='lat' dir='ltr'><strong><em>eon·</em></strong></span> 
     </span>
     <span class='ocr_line' id='line_1_3' title="bbox 102 613 1383 715; baseline 0.007 -27"><span class='ocrx_word' id='word_1_10' title='bbox 102 613 277 690; x_wconf 81' lang='lat' dir='ltr'><strong><em>cordatum</em></strong></span> <span class='ocrx_word' id='word_1_11' title='bbox 305 621 395 690; x_wconf 74' lang='lat' dir='ltr'><strong><em>lilii</em></strong></span> <span class='ocrx_word' id='word_1_12' title='bbox 425 616 614 693; x_wconf 75' lang='lat' dir='ltr'><strong><em>omuuunt</em></strong></span> <span class='ocrx_word' id='word_1_13' title='bbox 631 619 673 694; x_wconf 88' lang='lat' dir='ltr'><strong><em>de</em></strong></span> <span class='ocrx_word' id='word_1_14' title='bbox 689 620 781 712; x_wconf 81' lang='lat' dir='ltr'><strong><em>tecto</em></strong></span> <span class='ocrx_word' id='word_1_15' title='bbox 799 637 863 692; x_wconf 90' lang='lat' dir='ltr'><strong><em>suu</em></strong></span> <span class='ocrx_word' id='word_1_16' title='bbox 875 615 1073 712; x_wconf 81' lang='lat' dir='ltr'><strong><em>priuilepto,</em></strong></span> <span class='ocrx_word' id='word_1_17' title='bbox 1097 624 1129 692; x_wconf 90' lang='lat' dir='ltr'><strong><em>et</em></strong></span> <span class='ocrx_word' id='word_1_18' title='bbox 1154 621 1337 715; x_wconf 70' lang='lat' dir='ltr'><strong><em>enectum</em></strong></span> <span class='ocrx_word' id='word_1_19' title='bbox 1381 637 1383 642; x_wconf 79' lang='grc'><em>’</em></span> 
     </span>
     <span class='ocr_line' id='line_1_4' title="bbox 103 723 1337 823; baseline 0.006 -22"><span class='ocrx_word' id='word_1_20' title='bbox 103 729 174 810; x_wconf 85' lang='lat' dir='ltr'><strong><em>tine,</em></strong></span> <span class='ocrx_word' id='word_1_21' title='bbox 200 733 235 802; x_wconf 87' lang='lat' dir='ltr'><strong><em>el</em></strong></span> <span class='ocrx_word' id='word_1_22' title='bbox 258 729 341 802; x_wconf 87' lang='lat' dir='ltr'><strong><em>item</em></strong></span> <span class='ocrx_word' id='word_1_23' title='bbox 366 723 547 805; x_wconf 85' lang='lat' dir='ltr'><strong><em>dicendum</em></strong></span> <span class='ocrx_word' id='word_1_24' title='bbox 572 733 617 806; x_wconf 89' lang='lat' dir='ltr'><strong><em>sit</em></strong></span> <span class='ocrx_word' id='word_1_25' title='bbox 643 724 684 805; x_wconf 86' lang='lat' dir='ltr'><strong><em>de</em></strong></span> <span class='ocrx_word' id='word_1_26' title='bbox 709 732 888 806; x_wconf 79' lang='lat' dir='ltr'><strong><em>Attonitus</em></strong></span> <span class='ocrx_word' id='word_1_27' title='bbox 915 730 1165 823; x_wconf 64' lang='lat' dir='ltr'><strong><em>monteplano,</em></strong></span> <span class='ocrx_word' id='word_1_28' title='bbox 1197 737 1228 806; x_wconf 89' lang='lat' dir='ltr'><strong><em>et</em></strong></span> <span class='ocrx_word' id='word_1_29' title='bbox 1257 734 1337 809; x_wconf 83' lang='lat' dir='ltr'><strong><em>nitio</em></strong></span> 
     </span>
     <span class='ocr_line' id='line_1_5' title="bbox 100 841 514 934; baseline 0.002 -21"><span class='ocrx_word' id='word_1_30' title='bbox 100 841 335 932; x_wconf 73' lang='lat' dir='ltr'><strong><em>polluctum</em></strong></span> <span class='ocrx_word' id='word_1_31' title='bbox 361 844 514 934; x_wconf 79' lang='lat' dir='ltr'><strong><em>pretiis?</em></strong></span> 
     </span>
    </p>

    <p class='ocr_par' dir='ltr' id='par_1_3' title="bbox 99 951 1338 1272">
     <span class='ocr_line' id='line_1_6' title="bbox 169 951 1334 1048; baseline 0.007 -25"><span class='ocrx_word' id='word_1_32' title='bbox 169 951 220 1024; x_wconf 88' lang='lat' dir='ltr'><strong><em>l.⁰</em></strong></span> <span class='ocrx_word' id='word_1_33' title='bbox 245 953 300 1025; x_wconf 78' lang='lat' dir='ltr'><strong><em>An</em></strong></span> <span class='ocrx_word' id='word_1_34' title='bbox 325 953 566 1046; x_wconf 79' lang='lat' dir='ltr'><strong><em>ludulpenttoe</em></strong></span> <span class='ocrx_word' id='word_1_35' title='bbox 593 955 798 1047; x_wconf 85' lang='lat' dir='ltr'><strong><em>puinusdom</em></strong></span> <span class='ocrx_word' id='word_1_36' title='bbox 822 955 1012 1045; x_wconf 81' lang='lat' dir='ltr'><strong><em>majoribus</em></strong></span> <span class='ocrx_word' id='word_1_37' title='bbox 1036 953 1128 1048; x_wconf 77' lang='lat' dir='ltr'><strong><em>festio</em></strong></span> <span class='ocrx_word' id='word_1_38' title='bbox 1157 955 1334 1042; x_wconf 84' lang='lat' dir='ltr'><strong><em>ndneuue,</em></strong></span> 
     </span>
     <span class='ocr_line' id='line_1_7' title="bbox 99 1060 1338 1163; baseline 0.006 -26"><span class='ocrx_word' id='word_1_39' title='bbox 99 1065 160 1137; x_wconf 89' lang='lat' dir='ltr'><strong><em>sint</em></strong></span> <span class='ocrx_word' id='word_1_40' title='bbox 186 1067 380 1139; x_wconf 70' lang='lat' dir='ltr'><strong><em>translatae</em></strong></span> <span class='ocrx_word' id='word_1_41' title='bbox 396 1082 435 1140; x_wconf 92' lang='lat' dir='ltr'><strong><em>eo</em></strong></span> <span class='ocrx_word' id='word_1_42' title='bbox 452 1069 526 1161; x_wconf 83' lang='lat' dir='ltr'><strong><em>ipso</em></strong></span> <span class='ocrx_word' id='word_1_43' title='bbox 546 1067 639 1160; x_wconf 81' lang='lat' dir='ltr'><strong><em>quod</em></strong></span> <span class='ocrx_word' id='word_1_44' title='bbox 665 1069 870 1143; x_wconf 80' lang='lat' dir='ltr'><strong><em>Sotuuuttus</em></strong></span> <span class='ocrx_word' id='word_1_45' title='bbox 896 1060 1090 1158; x_wconf 74' lang='lat' dir='ltr'><strong><em>huiusmodi</em></strong></span> <span class='ocrx_word' id='word_1_46' title='bbox 1113 1068 1276 1163; x_wconf 74' lang='lat' dir='ltr'><strong><em>suetorum</em></strong></span> <span class='ocrx_word' id='word_1_47' title='bbox 1293 1071 1338 1144; x_wconf 89' lang='lat' dir='ltr'><strong><em>sit</em></strong></span> 
     </span>
     <span class='ocr_line' id='line_1_8' title="bbox 99 1176 1232 1272; baseline 0.004 -23"><span class='ocrx_word' id='word_1_48' title='bbox 99 1176 258 1250; x_wconf 76' lang='lat' dir='ltr'><strong><em>mnonice</em></strong></span> <span class='ocrx_word' id='word_1_49' title='bbox 284 1178 381 1270; x_wconf 88' lang='lat' dir='ltr'><strong><em>opud</em></strong></span> <span class='ocrx_word' id='word_1_50' title='bbox 404 1195 467 1252; x_wconf 88' lang='lat' dir='ltr'><strong><em>nos</em></strong></span> <span class='ocrx_word' id='word_1_51' title='bbox 493 1183 668 1254; x_wconf 85' lang='lat' dir='ltr'><strong><em>translatu</em></strong></span> <span class='ocrx_word' id='word_1_52' title='bbox 694 1181 744 1254; x_wconf 87' lang='lat' dir='ltr'><strong><em>od</em></strong></span> <span class='ocrx_word' id='word_1_53' title='bbox 768 1180 988 1254; x_wconf 75' lang='lat' dir='ltr'><strong><em>dominicum</em></strong></span> <span class='ocrx_word' id='word_1_54' title='bbox 1011 1185 1232 1272; x_wconf 70' lang='lat' dir='ltr'><strong><em>sequentem?</em></strong></span> 
     </span>
    </p>

    <p class='ocr_par' dir='ltr' id='par_1_4' title="bbox 99 1289 1337 1722">
     <span class='ocr_line' id='line_1_9' title="bbox 169 1289 1337 1386; baseline 0.009 -27"><span class='ocrx_word' id='word_1_55' title='bbox 169 1289 221 1361; x_wconf 64' lang='lat' dir='ltr'><strong><em>st</em></strong></span> <span class='ocrx_word' id='word_1_56' title='bbox 250 1291 371 1363; x_wconf 85' lang='lat' dir='ltr'><strong><em>lltrnm</em></strong></span> <span class='ocrx_word' id='word_1_57' title='bbox 395 1291 564 1366; x_wconf 81' lang='lat' dir='ltr'><strong><em>nicotoles</em></strong></span> <span class='ocrx_word' id='word_1_58' title='bbox 588 1295 693 1367; x_wconf 87' lang='lat' dir='ltr'><strong><em>cltum</em></strong></span> <span class='ocrx_word' id='word_1_59' title='bbox 718 1311 787 1366; x_wconf 90' lang='lat' dir='ltr'><strong><em>uon</em></strong></span> <span class='ocrx_word' id='word_1_60' title='bbox 821 1294 1037 1386; x_wconf 70' lang='lat' dir='ltr'><strong><em>opproictoe,</em></strong></span> <span class='ocrx_word' id='word_1_61' title='bbox 1061 1314 1086 1367; x_wconf 91' lang='lat' dir='ltr'><strong><em>o</em></strong></span> <span class='ocrx_word' id='word_1_62' title='bbox 1113 1297 1146 1367; x_wconf 77' lang='lat'><strong><em>8.</em></strong></span> <span class='ocrx_word' id='word_1_63' title='bbox 1174 1293 1272 1378; x_wconf 82' lang='lat' dir='ltr'><strong><em>Sede,</em></strong></span> <span class='ocrx_word' id='word_1_64' title='bbox 1298 1299 1337 1371; x_wconf 89' lang='lat' dir='ltr'><strong><em>ut</em></strong></span> 
     </span>
     <span class='ocr_line' id='line_1_10' title="bbox 100 1401 1335 1499; baseline 0.007 -27"><span class='ocrx_word' id='word_1_65' title='bbox 100 1401 132 1472; x_wconf 89' lang='lat' dir='ltr'><strong><em>in</em></strong></span> <span class='ocrx_word' id='word_1_66' title='bbox 146 1401 265 1474; x_wconf 83' lang='lat' dir='ltr'><strong><em>Gallio</em></strong></span> <span class='ocrx_word' id='word_1_67' title='bbox 278 1406 503 1476; x_wconf 83' lang='lat' dir='ltr'><strong><em>communiter</em></strong></span> <span class='ocrx_word' id='word_1_68' title='bbox 520 1407 681 1488; x_wconf 77' lang='lat' dir='ltr'><strong><em>esistunt,</em></strong></span> <span class='ocrx_word' id='word_1_69' title='bbox 694 1407 828 1499; x_wconf 88' lang='lat' dir='ltr'><strong><em>possint</em></strong></span> <span class='ocrx_word' id='word_1_70' title='bbox 845 1405 979 1478; x_wconf 84' lang='lat' dir='ltr'><strong><em>luerent</em></strong></span> <span class='ocrx_word' id='word_1_71' title='bbox 994 1406 1241 1498; x_wconf 76' lang='lat' dir='ltr'><strong><em>ludutpenttoc</em></strong></span> <span class='ocrx_word' id='word_1_72' title='bbox 1260 1410 1335 1499; x_wconf 83' lang='lat' dir='ltr'><strong><em>ptui-</em></strong></span> 
     </span>
     <span class='ocr_line' id='line_1_11' title="bbox 101 1513 1337 1610; baseline 0.005 -24"><span class='ocrx_word' id='word_1_73' title='bbox 101 1513 156 1586; x_wconf 84' lang='lat' dir='ltr'><strong><em>ins</em></strong></span> <span class='ocrx_word' id='word_1_74' title='bbox 182 1514 336 1606; x_wconf 81' lang='lat' dir='ltr'><strong><em>pandent</em></strong></span> <span class='ocrx_word' id='word_1_75' title='bbox 360 1519 538 1608; x_wconf 83' lang='lat' dir='ltr'><strong><em>respeetloi</em></strong></span> <span class='ocrx_word' id='word_1_76' title='bbox 568 1517 711 1591; x_wconf 59' lang='lat' dir='ltr'><strong><em>&amp;dines</em></strong></span> <span class='ocrx_word' id='word_1_77' title='bbox 736 1513 898 1610; x_wconf 80' lang='lat' dir='ltr'><strong><em>Retipiosi</em></strong></span> <span class='ocrx_word' id='word_1_78' title='bbox 923 1517 1063 1599; x_wconf 79' lang='lat' dir='ltr'><strong><em>Romae,</em></strong></span> <span class='ocrx_word' id='word_1_79' title='bbox 1090 1521 1143 1592; x_wconf 89' lang='lat' dir='ltr'><strong><em>uel</em></strong></span> <span class='ocrx_word' id='word_1_80' title='bbox 1160 1520 1250 1592; x_wconf 85' lang='lat' dir='ltr'><strong><em>ultas</em></strong></span> <span class='ocrx_word' id='word_1_81' title='bbox 1267 1521 1337 1592; x_wconf 84' lang='lat' dir='ltr'><strong><em>eai-</em></strong></span> 
     </span>
     <span class='ocr_line' id='line_1_12' title="bbox 99 1627 717 1722; baseline 0.008 -26"><span class='ocrx_word' id='word_1_82' title='bbox 99 1628 228 1708; x_wconf 88' lang='lat' dir='ltr'><strong><em>slenles,</em></strong></span> <span class='ocrx_word' id='word_1_83' title='bbox 255 1631 289 1700; x_wconf 91' lang='lat' dir='ltr'><strong><em>et</em></strong></span> <span class='ocrx_word' id='word_1_84' title='bbox 313 1627 372 1720; x_wconf 80' lang='lat' dir='ltr'><strong><em>put</em></strong></span> <span class='ocrx_word' id='word_1_85' title='bbox 397 1634 475 1703; x_wconf 87' lang='lat' dir='ltr'><strong><em>sunt</em></strong></span> <span class='ocrx_word' id='word_1_86' title='bbox 500 1629 688 1722; x_wconf 83' lang='lat' dir='ltr'><strong><em>approbati</em></strong></span> <span class='ocrx_word' id='word_1_87' title='bbox 700 1633 717 1701; x_wconf 82' lang='lat' dir='ltr'><strong><em>i</em></strong></span> 
     </span>
    </p>

    <p class='ocr_par' dir='ltr' id='par_1_5' title="bbox 167 1738 1333 1834">
     <span class='ocr_line' id='line_1_13' title="bbox 167 1738 1333 1834; baseline 0.006 -24"><span class='ocrx_word' id='word_1_88' title='bbox 167 1739 242 1812; x_wconf 84' lang='lat' dir='ltr'><strong><em>Sao.</em></strong></span> <span class='ocrx_word' id='word_1_89' title='bbox 261 1738 481 1832; x_wconf 77' lang='lat' dir='ltr'><strong><em>congregatio</em></strong></span> <span class='ocrx_word' id='word_1_90' title='bbox 498 1742 774 1834; x_wconf 87' lang='lat' dir='ltr'><strong><em>respondendum</em></strong></span> <span class='ocrx_word' id='word_1_91' title='bbox 788 1741 895 1826; x_wconf 85' lang='lat' dir='ltr'><strong><em>duxit,</em></strong></span> <span class='ocrx_word' id='word_1_92' title='bbox 913 1747 950 1815; x_wconf 89' lang='lat' dir='ltr'><strong><em>ut</em></strong></span> <span class='ocrx_word' id='word_1_93' title='bbox 967 1741 1052 1814; x_wconf 87' lang='lat' dir='ltr'><strong><em>iutra</em></strong></span> <span class='ocrx_word' id='word_1_94' title='bbox 1070 1747 1116 1815; x_wconf 74' lang='lat'><strong><em>22</em></strong></span> <span class='ocrx_word' id='word_1_95' title='bbox 1130 1743 1209 1817; x_wconf 78' lang='lat' dir='ltr'><strong><em>Feb.</em></strong></span> <span class='ocrx_word' id='word_1_96' title='bbox 1228 1747 1333 1818; x_wconf 84' lang='lat' dir='ltr'><strong><em>l8l7.</em></strong></span> 
     </span>
    </p>

    <p class='ocr_par' dir='ltr' id='par_1_6' title="bbox 98 1841 1337 2507">
     <span class='ocr_line' id='line_1_14' title="bbox 167 1841 1336 1950; baseline 0.007 -28"><span class='ocrx_word' id='word_1_97' title='bbox 167 1848 222 1923; x_wconf 77' lang='lat' dir='ltr'><strong><em>nd</em></strong></span> <span class='ocrx_word' id='word_1_98' title='bbox 246 1841 393 1943; x_wconf 86' lang='lat' dir='ltr'><strong><em>primum</em></strong></span> <span class='ocrx_word' id='word_1_99' title='bbox 418 1847 695 1928; x_wconf 80' lang='lat' dir='ltr'><strong><em>«consulendum</em></strong></span> <span class='ocrx_word' id='word_1_100' title='bbox 720 1855 938 1928; x_wconf 80' lang='lat' dir='ltr'><strong><em>sanctissimo</em></strong></span> <span class='ocrx_word' id='word_1_101' title='bbox 955 1871 1017 1948; x_wconf 89' lang='lat' dir='ltr'><strong><em>pro</em></strong></span> <span class='ocrx_word' id='word_1_102' title='bbox 1034 1856 1206 1930; x_wconf 78' lang='lat' dir='ltr'><strong><em>sanatione</em></strong></span> <span class='ocrx_word' id='word_1_103' title='bbox 1224 1857 1336 1950; x_wconf 86' lang='lat' dir='ltr'><strong><em>quoad</em></strong></span> 
     </span>
     <span class='ocr_line' id='line_1_15' title="bbox 98 1963 1334 2063; baseline 0.008 -29"><span class='ocrx_word' id='word_1_104' title='bbox 98 1963 323 2055; x_wconf 76' lang='lat' dir='ltr'><strong><em>praeludium,</em></strong></span> <span class='ocrx_word' id='word_1_105' title='bbox 349 1971 383 2038; x_wconf 91' lang='lat' dir='ltr'><strong><em>ot</em></strong></span> <span class='ocrx_word' id='word_1_106' title='bbox 408 1977 469 2058; x_wconf 89' lang='lat' dir='ltr'><strong><em>pro</em></strong></span> <span class='ocrx_word' id='word_1_107' title='bbox 494 1966 648 2041; x_wconf 76' lang='lat' dir='ltr'><strong><em>facultate</em></strong></span> <span class='ocrx_word' id='word_1_108' title='bbox 676 1964 951 2040; x_wconf 67' lang='lat' dir='ltr'><strong><em>eminentissimo</em></strong></span> <span class='ocrx_word' id='word_1_109' title='bbox 982 1967 1243 2063; x_wconf 79' lang='lat' dir='ltr'><strong><em>Arcotapiscopo</em></strong></span> <span class='ocrx_word' id='word_1_110' title='bbox 1272 1971 1334 2044; x_wconf 85' lang='lat' dir='ltr'><strong><em>Ca·</em></strong></span> 
     </span>
     <span class='ocr_line' id='line_1_16' title="bbox 98 2077 1333 2173; baseline 0.003 -23"><span class='ocrx_word' id='word_1_111' title='bbox 98 2077 292 2161; x_wconf 80' lang='lat' dir='ltr'><strong><em>meraccusi,</em></strong></span> <span class='ocrx_word' id='word_1_112' title='bbox 317 2082 356 2149; x_wconf 87' lang='lat' dir='ltr'><strong><em>ut</em></strong></span> <span class='ocrx_word' id='word_1_113' title='bbox 379 2092 441 2169; x_wconf 86' lang='lat' dir='ltr'><strong><em>per</em></strong></span> <span class='ocrx_word' id='word_1_114' title='bbox 465 2095 514 2163; x_wconf 90' lang='lat' dir='ltr'><strong><em>se,</em></strong></span> <span class='ocrx_word' id='word_1_115' title='bbox 540 2081 593 2152; x_wconf 82' lang='lat' dir='ltr'><strong><em>vel</em></strong></span> <span class='ocrx_word' id='word_1_116' title='bbox 619 2092 679 2171; x_wconf 89' lang='lat' dir='ltr'><strong><em>per</em></strong></span> <span class='ocrx_word' id='word_1_117' title='bbox 703 2077 900 2152; x_wconf 78' lang='lat' dir='ltr'><strong><em>Sacerdotes</em></strong></span> <span class='ocrx_word' id='word_1_118' title='bbox 926 2097 945 2150; x_wconf 87' lang='lat' dir='ltr'><strong><em>a</em></strong></span> <span class='ocrx_word' id='word_1_119' title='bbox 970 2097 1008 2152; x_wconf 86' lang='lat' dir='ltr'><strong><em>ec</em></strong></span> <span class='ocrx_word' id='word_1_120' title='bbox 1033 2079 1243 2173; x_wconf 84' lang='lat' dir='ltr'><strong><em>deputandos</em></strong></span> <span class='ocrx_word' id='word_1_121' title='bbox 1272 2081 1333 2154; x_wconf 90' lang='lat' dir='ltr'><strong><em>be·</em></strong></span> 
     </span>
     <span class='ocr_line' id='line_1_17' title="bbox 98 2187 1336 2285; baseline 0.002 -23"><span class='ocrx_word' id='word_1_122' title='bbox 98 2187 228 2262; x_wconf 78' lang='lat' dir='ltr'><strong><em>nedum</em></strong></span> <span class='ocrx_word' id='word_1_123' title='bbox 243 2189 391 2274; x_wconf 84' lang='lat' dir='ltr'><strong><em>licsaria,</em></strong></span> <span class='ocrx_word' id='word_1_124' title='bbox 409 2195 443 2262; x_wconf 90' lang='lat' dir='ltr'><strong><em>et</em></strong></span> <span class='ocrx_word' id='word_1_125' title='bbox 459 2191 661 2284; x_wconf 77' lang='lat' dir='ltr'><strong><em>scapularia,</em></strong></span> <span class='ocrx_word' id='word_1_126' title='bbox 674 2191 798 2282; x_wconf 84' lang='lat' dir='ltr'><strong><em>illaque</em></strong></span> <span class='ocrx_word' id='word_1_127' title='bbox 815 2191 1000 2284; x_wconf 87' lang='lat' dir='ltr'><strong><em>respective</em></strong></span> <span class='ocrx_word' id='word_1_128' title='bbox 1016 2192 1165 2285; x_wconf 86' lang='lat' dir='ltr'><strong><em>imponat</em></strong></span> <span class='ocrx_word' id='word_1_129' title='bbox 1179 2188 1336 2266; x_wconf 84' lang='lat' dir='ltr'><strong><em>fidelihus</em></strong></span> 
     </span>
     <span class='ocr_line' id='line_1_18' title="bbox 101 2295 1337 2398; baseline 0.005 -26"><span class='ocrx_word' id='word_1_130' title='bbox 101 2299 140 2373; x_wconf 85' lang='lat' dir='ltr'><strong><em>ad</em></strong></span> <span class='ocrx_word' id='word_1_131' title='bbox 164 2301 343 2374; x_wconf 86' lang='lat' dir='ltr'><strong><em>lucrandas</em></strong></span> <span class='ocrx_word' id='word_1_132' title='bbox 367 2302 594 2395; x_wconf 82' lang='lat' dir='ltr'><strong><em>indulgentias</em></strong></span> <span class='ocrx_word' id='word_1_133' title='bbox 620 2295 802 2394; x_wconf 87' lang='lat' dir='ltr'><strong><em>uuicuique</em></strong></span> <span class='ocrx_word' id='word_1_134' title='bbox 827 2318 871 2377; x_wconf 82' lang='lat' dir='ltr'><strong><em>ex</em></strong></span> <span class='ocrx_word' id='word_1_135' title='bbox 896 2296 1226 2379; x_wconf 64' lang='lat' dir='ltr'><strong><em>wuirateruitutibus</em></strong></span> <span class='ocrx_word' id='word_1_136' title='bbox 1242 2317 1337 2398; x_wconf 87' lang='lat' dir='ltr'><strong><em>prce·</em></strong></span> 
     </span>
     <span class='ocr_line' id='line_1_19' title="bbox 101 2411 843 2507; baseline 0.003 -21"><span class='ocrx_word' id='word_1_137' title='bbox 101 2411 194 2489; x_wconf 86' lang='lat' dir='ltr'><strong><em>dictis</em></strong></span> <span class='ocrx_word' id='word_1_138' title='bbox 219 2414 263 2488; x_wconf 88' lang='lat' dir='ltr'><strong><em>ab</em></strong></span> <span class='ocrx_word' id='word_1_139' title='bbox 289 2415 478 2507; x_wconf 79' lang='lat' dir='ltr'><strong><em>Apostolica</em></strong></span> <span class='ocrx_word' id='word_1_140' title='bbox 503 2411 592 2490; x_wconf 85' lang='lat' dir='ltr'><strong><em>Sede</em></strong></span> <span class='ocrx_word' id='word_1_141' title='bbox 617 2433 794 2490; x_wconf 89' lang='lat' dir='ltr'><strong><em>concessas</em></strong></span> <span class='ocrx_word' id='word_1_142' title='bbox 809 2445 843 2488; x_wconf 77' lang='grc' dir='ltr'><strong><em>ι.</em></strong></span> 
     </span>
    </p>

    <p class='ocr_par' dir='ltr' id='par_1_7' title="bbox 169 2525 719 2602">
     <span class='ocr_line' id='line_1_20' title="bbox 169 2525 719 2602; baseline 0.005 -3"><span class='ocrx_word' id='word_1_143' title='bbox 169 2526 223 2600; x_wconf 81' lang='lat' dir='ltr'><strong><em>Ad</em></strong></span> <span class='ocrx_word' id='word_1_144' title='bbox 248 2527 437 2600; x_wconf 87' lang='lat' dir='ltr'><strong><em>secuudum</em></strong></span> <span class='ocrx_word' id='word_1_145' title='bbox 462 2525 719 2602; x_wconf 70' lang='lat' dir='ltr'><strong><em>«Affirmativer</em></strong></span> 
     </span>
    </p>

    <p class='ocr_par' dir='ltr' id='par_1_8' title="bbox 101 2639 1338 3070">
     <span class='ocr_line' id='line_1_21' title="bbox 170 2639 1335 2734; baseline 0.003 -23"><span class='ocrx_word' id='word_1_146' title='bbox 170 2639 223 2712; x_wconf 77' lang='lat' dir='ltr'><strong><em>Ad</em></strong></span> <span class='ocrx_word' id='word_1_147' title='bbox 248 2641 385 2713; x_wconf 87' lang='lat' dir='ltr'><strong><em>tertium</em></strong></span> <span class='ocrx_word' id='word_1_148' title='bbox 410 2641 593 2733; x_wconf 78' lang='lat' dir='ltr'><strong><em>«Negatiue</em></strong></span> <span class='ocrx_word' id='word_1_149' title='bbox 625 2641 738 2733; x_wconf 85' lang='lat' dir='ltr'><strong><em>quoad</em></strong></span> <span class='ocrx_word' id='word_1_150' title='bbox 763 2639 960 2714; x_wconf 80' lang='lat' dir='ltr'><strong><em>sodalitates</em></strong></span> <span class='ocrx_word' id='word_1_151' title='bbox 985 2641 1065 2713; x_wconf 88' lang='lat' dir='ltr'><strong><em>olim</em></strong></span> <span class='ocrx_word' id='word_1_152' title='bbox 1089 2639 1234 2734; x_wconf 73' lang='lat' dir='ltr'><strong><em>legitime</em></strong></span> <span class='ocrx_word' id='word_1_153' title='bbox 1264 2639 1335 2714; x_wconf 79' lang='lat' dir='ltr'><strong><em>aui·</em></strong></span> 
     </span>
     <span class='ocr_line' id='line_1_22' title="bbox 101 2744 1338 2844; baseline 0.002 -22"><span class='ocrx_word' id='word_1_154' title='bbox 101 2755 235 2836; x_wconf 88' lang='lat' dir='ltr'><strong><em>steutes,</em></strong></span> <span class='ocrx_word' id='word_1_155' title='bbox 263 2756 296 2825; x_wconf 90' lang='lat' dir='ltr'><strong><em>et</em></strong></span> <span class='ocrx_word' id='word_1_156' title='bbox 321 2744 444 2826; x_wconf 88' lang='lat' dir='ltr'><strong><em>deiude</em></strong></span> <span class='ocrx_word' id='word_1_157' title='bbox 462 2754 527 2826; x_wconf 86' lang='lat' dir='ltr'><strong><em>suh</em></strong></span> <span class='ocrx_word' id='word_1_158' title='bbox 544 2751 671 2827; x_wconf 88' lang='lat' dir='ltr'><strong><em>eisdem</em></strong></span> <span class='ocrx_word' id='word_1_159' title='bbox 698 2752 803 2836; x_wconf 91' lang='lat' dir='ltr'><strong><em>titulo,</em></strong></span> <span class='ocrx_word' id='word_1_160' title='bbox 830 2753 971 2844; x_wconf 61' lang='lat' dir='ltr'><strong><em>lupulus,</em></strong></span> <span class='ocrx_word' id='word_1_161' title='bbox 998 2753 1123 2837; x_wconf 84' lang='lat' dir='ltr'><strong><em>habitu,</em></strong></span> <span class='ocrx_word' id='word_1_162' title='bbox 1150 2752 1208 2827; x_wconf 88' lang='lat' dir='ltr'><strong><em>ubi</em></strong></span> <span class='ocrx_word' id='word_1_163' title='bbox 1224 2759 1338 2827; x_wconf 88' lang='lat' dir='ltr'><strong><em>tamen</em></strong></span> 
     </span>
     <span class='ocr_line' id='line_1_23' title="bbox 102 2865 1338 2957; baseline 0.002 -21"><span class='ocrx_word' id='word_1_164' title='bbox 102 2865 362 2954; x_wconf 67' lang='lat' dir='ltr'><strong><em>eucraticum,</em></strong></span> <span class='ocrx_word' id='word_1_165' title='bbox 388 2865 519 2939; x_wconf 85' lang='lat' dir='ltr'><strong><em>nouiter</em></strong></span> <span class='ocrx_word' id='word_1_166' title='bbox 544 2883 583 2938; x_wconf 86' lang='lat' dir='ltr'><strong><em>ac</em></strong></span> <span class='ocrx_word' id='word_1_167' title='bbox 609 2865 768 2939; x_wconf 88' lang='lat' dir='ltr'><strong><em>canonica</em></strong></span> <span class='ocrx_word' id='word_1_168' title='bbox 794 2869 939 2954; x_wconf 61' lang='lat' dir='ltr'><strong><em>erocum</em></strong></span> <span class='ocrx_word' id='word_1_169' title='bbox 965 2866 1078 2957; x_wconf 84' lang='lat' dir='ltr'><strong><em>quoad</em></strong></span> <span class='ocrx_word' id='word_1_170' title='bbox 1102 2884 1182 2940; x_wconf 82' lang='lat' dir='ltr'><strong><em>varo</em></strong></span> <span class='ocrx_word' id='word_1_171' title='bbox 1215 2865 1338 2940; x_wconf 69' lang='lat' dir='ltr'><strong><em>Mutia</em></strong></span> 
     </span>
     <span class='ocr_line' id='line_1_24' title="bbox 102 2973 1324 3070; baseline 0.004 -24"><span class='ocrx_word' id='word_1_172' title='bbox 102 2973 317 3068; x_wconf 81' lang='lat' dir='ltr'><strong><em>Pridlegiata,</em></strong></span> <span class='ocrx_word' id='word_1_173' title='bbox 344 2977 493 3068; x_wconf 85' lang='lat' dir='ltr'><strong><em>aliasque</em></strong></span> <span class='ocrx_word' id='word_1_174' title='bbox 519 2977 639 3068; x_wconf 81' lang='lat' dir='ltr'><strong><em>gratias</em></strong></span> <span class='ocrx_word' id='word_1_175' title='bbox 665 2979 813 3050; x_wconf 88' lang='lat' dir='ltr'><strong><em>recurrat</em></strong></span> <span class='ocrx_word' id='word_1_176' title='bbox 837 2977 871 3048; x_wconf 89' lang='lat' dir='ltr'><strong><em>iu</em></strong></span> <span class='ocrx_word' id='word_1_177' title='bbox 897 2975 1031 3049; x_wconf 83' lang='lat' dir='ltr'><strong><em>casibus</em></strong></span> <span class='ocrx_word' id='word_1_178' title='bbox 1056 2977 1324 3070; x_wconf 79' lang='lat' dir='ltr'><strong><em>peculiaribus».</em></strong></span> 
     </span>
    </p>

    <p class='ocr_par' dir='ltr' id='par_1_9' title="bbox 170 3087 1324 3179">
     <span class='ocr_line' id='line_1_25' title="bbox 170 3087 1324 3179; baseline 0.002 -19"><span class='ocrx_word' id='word_1_179' title='bbox 170 3087 223 3160; x_wconf 76' lang='lat' dir='ltr'><strong><em>Ad</em></strong></span> <span class='ocrx_word' id='word_1_180' title='bbox 249 3093 411 3179; x_wconf 83' lang='lat' dir='ltr'><strong><em>quartum</em></strong></span> <span class='ocrx_word' id='word_1_181' title='bbox 436 3087 678 3174; x_wconf 77' lang='lat' dir='ltr'><strong><em>«Affirmaliuc,</em></strong></span> <span class='ocrx_word' id='word_1_182' title='bbox 705 3088 790 3160; x_wconf 90' lang='lat' dir='ltr'><strong><em>iacto</em></strong></span> <span class='ocrx_word' id='word_1_183' title='bbox 815 3087 919 3161; x_wconf 84' lang='lat' dir='ltr'><strong><em>uerbo</em></strong></span> <span class='ocrx_word' id='word_1_184' title='bbox 944 3105 1021 3160; x_wconf 88' lang='lat' dir='ltr'><strong><em>cum</em></strong></span> <span class='ocrx_word' id='word_1_185' title='bbox 1047 3089 1324 3162; x_wconf 64' lang='lat' dir='ltr'><strong><em>sanctesium:</em></strong></span> 
     </span>
    </p>

    <p class='ocr_par' dir='ltr' id='par_1_10' title="bbox 103 3193 1475 4305">
     <span class='ocr_line' id='line_1_26' title="bbox 171 3193 1340 3292; baseline 0 -21"><span class='ocrx_word' id='word_1_186' title='bbox 171 3199 224 3271; x_wconf 79' lang='lat' dir='ltr'><strong><em>Ad</em></strong></span> <span class='ocrx_word' id='word_1_187' title='bbox 249 3200 407 3292; x_wconf 85' lang='lat' dir='ltr'><strong><em>quintum</em></strong></span> <span class='ocrx_word' id='word_1_188' title='bbox 432 3193 663 3272; x_wconf 76' lang='lat' dir='ltr'><strong><em>‹Affirmatiec</em></strong></span> <span class='ocrx_word' id='word_1_189' title='bbox 678 3199 772 3291; x_wconf 82' lang='lat' dir='ltr'><strong><em>juxta</em></strong></span> <span class='ocrx_word' id='word_1_190' title='bbox 789 3199 1000 3290; x_wconf 83' lang='lat' dir='ltr'><strong><em>Rescriptum</em></strong></span> <span class='ocrx_word' id='word_1_191' title='bbox 1026 3199 1146 3270; x_wconf 82' lang='lat' dir='ltr'><strong><em>Sacrae</em></strong></span> <span class='ocrx_word' id='word_1_192' title='bbox 1165 3200 1340 3271; x_wconf 84' lang='lat' dir='ltr'><strong><em>Poecilen·</em></strong></span> 
     </span>
     <span class='ocr_line' id='line_1_27' title="bbox 103 3296 1475 3404; baseline 0.002 -24"><span class='ocrx_word' id='word_1_193' title='bbox 103 3310 221 3396; x_wconf 85' lang='lat' dir='ltr'><strong><em>tiariae,</em></strong></span> <span class='ocrx_word' id='word_1_194' title='bbox 239 3317 277 3385; x_wconf 93' lang='lat' dir='ltr'><strong><em>ut</em></strong></span> <span class='ocrx_word' id='word_1_195' title='bbox 301 3311 386 3384; x_wconf 88' lang='lat' dir='ltr'><strong><em>inira</em></strong></span> <span class='ocrx_word' id='word_1_196' title='bbox 406 3313 509 3385; x_wconf 76' lang='lat' dir='ltr'><strong><em>«doc.</em></strong></span> <span class='ocrx_word' id='word_1_197' title='bbox 527 3312 810 3393; x_wconf 81' lang='lat' dir='ltr'><strong><em>Poenttenncn&#39;o,</em></strong></span> <span class='ocrx_word' id='word_1_198' title='bbox 834 3310 1012 3404; x_wconf 85' lang='lat' dir='ltr'><strong><em>perpensls</em></strong></span> <span class='ocrx_word' id='word_1_199' title='bbox 1026 3309 1187 3404; x_wconf 78' lang='lat' dir='ltr'><strong><em>copositio</em></strong></span> <span class='ocrx_word' id='word_1_200' title='bbox 1203 3325 1339 3403; x_wconf 83' lang='lat' dir='ltr'><strong><em>respon·</em></strong></span> <span class='ocrx_word' id='word_1_201' title='bbox 1467 3296 1475 3308; x_wconf 84' lang='lat'><em>&#39;</em></span> 
     </span>
     <span class='ocr_line' id='line_1_28' title="bbox 104 3418 1338 3517; baseline 0.001 -23"><span class='ocrx_word' id='word_1_202' title='bbox 104 3421 176 3496; x_wconf 80' lang='lat' dir='ltr'><strong><em>»dit</em></strong></span> <span class='ocrx_word' id='word_1_203' title='bbox 198 3423 426 3516; x_wconf 66' lang='lat' dir='ltr'><strong><em>diiunctivo,</em></strong></span> <span class='ocrx_word' id='word_1_204' title='bbox 453 3438 572 3517; x_wconf 81' lang='lat' dir='ltr'><strong><em>nempe</em></strong></span> <span class='ocrx_word' id='word_1_205' title='bbox 598 3424 762 3496; x_wconf 79' lang='lat' dir='ltr'><strong><em>matrices</em></strong></span> <span class='ocrx_word' id='word_1_206' title='bbox 787 3421 880 3512; x_wconf 85' lang='lat' dir='ltr'><strong><em>(tuoe</em></strong></span> <span class='ocrx_word' id='word_1_207' title='bbox 904 3427 953 3496; x_wconf 85' lang='lat' dir='ltr'><strong><em>est</em></strong></span> <span class='ocrx_word' id='word_1_208' title='bbox 979 3418 1186 3495; x_wconf 83' lang='lat' dir='ltr'><strong><em>Cormeiitoe</em></strong></span> <span class='ocrx_word' id='word_1_209' title='bbox 1211 3419 1338 3495; x_wconf 76' lang='lat' dir='ltr'><strong><em>Euent-</em></strong></span> 
     </span>
     <span class='ocr_line' id='line_1_29' title="bbox 104 3523 1341 3628; baseline -0.002 -20"><span class='ocrx_word' id='word_1_210' title='bbox 104 3537 271 3628; x_wconf 74' lang='lat' dir='ltr'><strong><em>»ceotoet</em></strong></span> <span class='ocrx_word' id='word_1_211' title='bbox 286 3539 339 3610; x_wconf 90' lang='lat' dir='ltr'><strong><em>uli</em></strong></span> <span class='ocrx_word' id='word_1_212' title='bbox 356 3541 390 3611; x_wconf 91' lang='lat' dir='ltr'><strong><em>et</em></strong></span> <span class='ocrx_word' id='word_1_213' title='bbox 407 3539 562 3611; x_wconf 80' lang='lat' dir='ltr'><strong><em>eaetuos</em></strong></span> <span class='ocrx_word' id='word_1_214' title='bbox 588 3537 729 3610; x_wconf 79' lang='lat' dir='ltr'><strong><em>Soroms</em></strong></span> <span class='ocrx_word' id='word_1_215' title='bbox 746 3533 1034 3608; x_wconf 83' lang='lat' dir='ltr'><strong><em>Moucsteriorum</em></strong></span> <span class='ocrx_word' id='word_1_216' title='bbox 1056 3523 1193 3608; x_wconf 80' lang='lat' dir='ltr'><strong><em>(talliae</em></strong></span> <span class='ocrx_word' id='word_1_217' title='bbox 1210 3529 1341 3608; x_wconf 83' lang='lat' dir='ltr'><strong><em>lucrant</em></strong></span> 
     </span>
     <span class='ocr_line' id='line_1_30' title="bbox 106 3638 1340 3743; baseline -0.003 -22"><span class='ocrx_word' id='word_1_218' title='bbox 106 3662 219 3740; x_wconf 80' lang='lat' dir='ltr'><strong><em>»posse</em></strong></span> <span class='ocrx_word' id='word_1_219' title='bbox 244 3647 485 3743; x_wconf 83' lang='lat' dir='ltr'><strong><em>indutpmttos</em></strong></span> <span class='ocrx_word' id='word_1_220' title='bbox 512 3657 646 3732; x_wconf 85' lang='lat' dir='ltr'><strong><em>omues,</em></strong></span> <span class='ocrx_word' id='word_1_221' title='bbox 673 3665 762 3740; x_wconf 82' lang='lat' dir='ltr'><strong><em>quoe</em></strong></span> <span class='ocrx_word' id='word_1_222' title='bbox 786 3645 957 3738; x_wconf 81' lang='lat' dir='ltr'><strong><em>ltelipioni</em></strong></span> <span class='ocrx_word' id='word_1_223' title='bbox 981 3663 1039 3719; x_wconf 88' lang='lat' dir='ltr'><strong><em>seu</em></strong></span> <span class='ocrx_word' id='word_1_224' title='bbox 1064 3638 1221 3720; x_wconf 84' lang='lat' dir='ltr'><strong><em>instituto</em></strong></span> <span class='ocrx_word' id='word_1_225' title='bbox 1252 3643 1340 3719; x_wconf 78' lang='lat' dir='ltr'><strong><em>alto·</em></strong></span> 
     </span>
     <span class='ocr_line' id='line_1_31' title="bbox 105 3751 1340 3840; baseline -0.003 -6"><span class='ocrx_word' id='word_1_226' title='bbox 105 3781 201 3834; x_wconf 82' lang='lat' dir='ltr'><strong><em>»rum</em></strong></span> <span class='ocrx_word' id='word_1_227' title='bbox 226 3761 436 3840; x_wconf 83' lang='lat' dir='ltr'><strong><em>Montntinm</em></strong></span> <span class='ocrx_word' id='word_1_228' title='bbox 462 3761 629 3837; x_wconf 83' lang='lat' dir='ltr'><strong><em>solemnio</em></strong></span> <span class='ocrx_word' id='word_1_229' title='bbox 654 3763 736 3833; x_wconf 88' lang='lat' dir='ltr'><strong><em>coto</em></strong></span> <span class='ocrx_word' id='word_1_230' title='bbox 761 3755 984 3831; x_wconf 84' lang='lat' dir='ltr'><strong><em>emittentium</em></strong></span> <span class='ocrx_word' id='word_1_231' title='bbox 1000 3751 1185 3831; x_wconf 75' lang='lat' dir='ltr'><strong><em>secunaum</em></strong></span> <span class='ocrx_word' id='word_1_232' title='bbox 1201 3751 1340 3832; x_wconf 77' lang='lat' dir='ltr'><strong><em>tuetu-</em></strong></span> 
     </span>
     <span class='ocr_line' id='line_1_32' title="bbox 108 3868 1341 3968; baseline -0.002 -23"><span class='ocrx_word' id='word_1_233' title='bbox 108 3875 217 3958; x_wconf 83' lang='lat' dir='ltr'><strong><em>»tum,</em></strong></span> <span class='ocrx_word' id='word_1_234' title='bbox 244 3888 303 3950; x_wconf 80' lang='lat' dir='ltr'><strong><em>sert</em></strong></span> <span class='ocrx_word' id='word_1_235' title='bbox 329 3873 500 3967; x_wconf 85' lang='lat' dir='ltr'><strong><em>liepulcm</em></strong></span> <span class='ocrx_word' id='word_1_236' title='bbox 532 3871 756 3968; x_wconf 80' lang='lat' dir='ltr'><strong><em>respecticcm</em></strong></span> <span class='ocrx_word' id='word_1_237' title='bbox 785 3883 961 3944; x_wconf 84' lang='lat' dir='ltr'><strong><em>concessae</em></strong></span> <span class='ocrx_word' id='word_1_238' title='bbox 985 3868 1141 3963; x_wconf 77' lang='lat' dir='ltr'><strong><em>fuerunt,</em></strong></span> <span class='ocrx_word' id='word_1_239' title='bbox 1168 3869 1271 3962; x_wconf 85' lang='lat' dir='ltr'><strong><em>tdpue</em></strong></span> <span class='ocrx_word' id='word_1_240' title='bbox 1296 3887 1341 3942; x_wconf 81' lang='lat' dir='ltr'><strong><em>ea</em></strong></span> 
     </span>
     <span class='ocr_line' id='line_1_33' title="bbox 107 3977 1339 4062; baseline -0.002 -4"><span class='ocrx_word' id='word_1_241' title='bbox 107 3987 262 4062; x_wconf 77' lang='lat' dir='ltr'><strong><em>›lndntto</em></strong></span> <span class='ocrx_word' id='word_1_242' title='bbox 280 4003 331 4061; x_wconf 89' lang='lat' dir='ltr'><strong><em>so.</em></strong></span> <span class='ocrx_word' id='word_1_243' title='bbox 347 4005 413 4061; x_wconf 88' lang='lat' dir='ltr'><strong><em>me.</em></strong></span> <span class='ocrx_word' id='word_1_244' title='bbox 431 3985 487 4060; x_wconf 85' lang='lat' dir='ltr'><strong><em>Pit</em></strong></span> <span class='ocrx_word' id='word_1_245' title='bbox 506 3985 605 4059; x_wconf 82' lang='lat' dir='ltr'><strong><em>Vlla</em></strong></span> <span class='ocrx_word' id='word_1_246' title='bbox 623 3983 842 4058; x_wconf 80' lang='lat' dir='ltr'><strong><em>sanctissimo</em></strong></span> <span class='ocrx_word' id='word_1_247' title='bbox 860 3981 1007 4055; x_wconf 79' lang='lat' dir='ltr'><strong><em>Domino</em></strong></span> <span class='ocrx_word' id='word_1_248' title='bbox 1028 3979 1155 4054; x_wconf 84' lang='lat' dir='ltr'><strong><em>Nostro</em></strong></span> <span class='ocrx_word' id='word_1_249' title='bbox 1170 3977 1238 4055; x_wconf 87' lang='grc' dir='ltr'><strong><em>ΡΡ.</em></strong></span> <span class='ocrx_word' id='word_1_250' title='bbox 1258 3982 1339 4056; x_wconf 81' lang='lat' dir='ltr'><strong><em>Gne</em></strong></span> 
     </span>
     <span class='ocr_line' id='line_1_34' title="bbox 111 4089 1340 4191; baseline -0.011 -16"><span class='ocrx_word' id='word_1_251' title='bbox 111 4097 224 4191; x_wconf 75' lang='lat' dir='ltr'><strong><em>rporio</em></strong></span> <span class='ocrx_word' id='word_1_252' title='bbox 251 4098 288 4172; x_wconf 84' lang='lat' dir='ltr'><strong><em>X</em></strong></span> <span class='ocrx_word' id='word_1_253' title='bbox 292 4099 337 4173; x_wconf 82' lang='lat' dir='ltr'><strong><em>Vt</em></strong></span> <span class='ocrx_word' id='word_1_254' title='bbox 358 4101 484 4172; x_wconf 84' lang='lat' dir='ltr'><strong><em>iterum</em></strong></span> <span class='ocrx_word' id='word_1_255' title='bbox 502 4095 704 4190; x_wconf 69' lang='lat' dir='ltr'><strong><em>conpuncto</em></strong></span> <span class='ocrx_word' id='word_1_256' title='bbox 718 4124 729 4157; x_wconf 85' lang='lat'><strong>»</strong></span> <span class='ocrx_word' id='word_1_257' title='bbox 744 4148 751 4165; x_wconf 94' lang='lat'>.</span> <span class='ocrx_word' id='word_1_258' title='bbox 769 4093 817 4164; x_wconf 85' lang='lat' dir='ltr'><strong><em>lta</em></strong></span> <span class='ocrx_word' id='word_1_259' title='bbox 838 4089 1009 4184; x_wconf 87' lang='lat' dir='ltr'><strong><em>respondit</em></strong></span> <span class='ocrx_word' id='word_1_260' title='bbox 1026 4089 1100 4161; x_wconf 85' lang='lat' dir='ltr'><strong><em>Sao.</em></strong></span> <span class='ocrx_word' id='word_1_261' title='bbox 1119 4089 1340 4184; x_wconf 77' lang='lat' dir='ltr'><strong><em>congregatio</em></strong></span> 
     </span>
     <span class='ocr_line' id='line_1_35' title="bbox 109 4197 1339 4305; baseline -0.009 -22"><span class='ocrx_word' id='word_1_262' title='bbox 109 4210 388 4305; x_wconf 78' lang='lat' dir='ltr'><strong><em>indulgentiarum</em></strong></span> <span class='ocrx_word' id='word_1_263' title='bbox 414 4210 469 4283; x_wconf 90' lang='lat' dir='ltr'><strong><em>dic</em></strong></span> <span class='ocrx_word' id='word_1_264' title='bbox 496 4213 542 4281; x_wconf 75' lang='lat'><strong><em>22</em></strong></span> <span class='ocrx_word' id='word_1_265' title='bbox 569 4207 738 4282; x_wconf 81' lang='lat' dir='ltr'><strong><em>Februarii</em></strong></span> <span class='ocrx_word' id='word_1_266' title='bbox 767 4209 872 4277; x_wconf 76' lang='lat' dir='ltr'><strong><em>till.</em></strong></span> <span class='ocrx_word' id='word_1_267' title='bbox 898 4203 996 4276; x_wconf 75' lang='lat' dir='ltr'><strong><em>Facta</em></strong></span> <span class='ocrx_word' id='word_1_268' title='bbox 1021 4205 1132 4274; x_wconf 89' lang='lat' dir='ltr'><strong><em>aulem</em></strong></span> <span class='ocrx_word' id='word_1_269' title='bbox 1158 4219 1219 4295; x_wconf 87' lang='lat' dir='ltr'><strong><em>per</em></strong></span> <span class='ocrx_word' id='word_1_270' title='bbox 1248 4197 1339 4274; x_wconf 84' lang='lat' dir='ltr'><strong><em>Emi·</em></strong></span> 
     </span>
    </p>
   </div>
   <div class='ocr_carea' id='block_1_3' title="bbox 109 4305 1338 4410">
    <p class='ocr_par' dir='ltr' id='par_1_11' title="bbox 109 4305 1338 4410">
     <span class='ocr_line' id='line_1_36' title="bbox 109 4305 1338 4410; baseline -0.007 -14"><span class='ocrx_word' id='word_1_271' title='bbox 109 4325 338 4402; x_wconf 81' lang='lat' dir='ltr'><strong><em>acutissimum</em></strong></span> <span class='ocrx_word' id='word_1_272' title='bbox 363 4323 576 4401; x_wconf 72' lang='lat' dir='ltr'><strong><em>Cadianum</em></strong></span> <span class='ocrx_word' id='word_1_273' title='bbox 600 4319 740 4396; x_wconf 81' lang='lat' dir='ltr'><strong><em>Fabium</em></strong></span> <span class='ocrx_word' id='word_1_274' title='bbox 766 4315 968 4410; x_wconf 84' lang='lat' dir='ltr'><strong><em>Asqululum</em></strong></span> <span class='ocrx_word' id='word_1_275' title='bbox 993 4311 1145 4408; x_wconf 80' lang='lat' dir='ltr'><strong><em>ejusdem</em></strong></span> <span class='ocrx_word' id='word_1_276' title='bbox 1162 4313 1235 4391; x_wconf 81' lang='lat' dir='ltr'><strong><em>Sec.</em></strong></span> <span class='ocrx_word' id='word_1_277' title='bbox 1252 4305 1338 4389; x_wconf 79' lang='lat' dir='ltr'><strong><em>Gou-</em></strong></span> 
     </span>
    </p>
   </div>
   <div class='ocr_carea' id='block_1_4' title="bbox 0 0 1596 4922">
    <p class='ocr_par' dir='ltr' id='par_1_12' title="bbox 0 0 1596 4922">
     <span class='ocr_line' id='line_1_37' title="bbox 0 0 1596 4922; baseline 0 1"><span class='ocrx_word' id='word_1_278' title='bbox 0 0 1596 4922; x_wconf 95' lang='lat' dir='ltr'><strong><em> </em></strong></span> 
     </span>
    </p>
   </div>
  </div>
 </body>
</html>
