3270 4920
1279 327 1343 401 issl

212 463 258 534 63
282 458 508 541 indulgentiam
521 461 637 540 septem
650 469 801 532 annorum
821 456 1007 537 totidemque
1024 456 1288 540 quadragenarum
1303 458 1379 524 Gon,

124 558 275 622 iratribus
294 561 326 622 et
346 553 583 632 Consororibus‚
605 553 658 634 qui
679 556 832 634 gestantes
853 568 908 634 pro
930 552 1037 616 allecta
1060 551 1187 634 Sacrum
1214 551 1378 634 scapulare

125 652 310 717 bendictum
331 655 423 730 atque
442 648 531 738 signo
552 653 672 712 nostrae
692 647 908 729 redemptionis
929 647 1094 725 munitum,
1113 646 1249 728 quotidie
1270 647 1377 713 recita-

125 747 230 811 verint
249 744 542 809 sexies-'Orationem
563 741 765 821 Dominicam,
786 757 857 806 cum
879 741 1028 806 versiculo
1051 741 1379 818 dioecesanorum

125 843 223 907 eliam
243 841 342 906 sexies
362 837 541 920 Angelicam
562 836 781 903 Salutationem
802 854 873 904 cum
892 837 1000 903 eodem
1021 839 1169 904 versiculo
1197 837 1301 904 Glorvo
1320 839 1379 904 Po-

127 935 171 1000 trx'
192 941 250 1001 etc.
272 951 327 1017 pro
348 950 422 1017 pace
443 932 686 1000 Christianorum
705 931 899 1016 Principum,
926 933 1089 1008 haeresum=
1106 933 1323 1015 extirpatione,
1344 950 1379 1000 ac

126 1031 160 1096 S.
181 1029 286 1096 llatris
306 1029 459 1094 Ecclesiae
478 1027 671 1093 exaltatione

210 1124 257 1190 7.⁰
277 1123 470 1204 indulgentia
484 1129 600 1206 septem
614 1138 765 1206 annorum
776 1123 964 1204 totidemque
978 1123 1243 1205 quadragenarum
1253 1123 1379 1206 eisdem,
1501 1120 1504 1126 ’

127 1221 185 1304 qui
206 1220 314 1286 devote
334 1217 522 1284 visitaverint
540 1217 718 1296 Ecclesiam,
731 1222 785 1282 aut
798 1218 971 1283 oratorium
992 1217 1114 1286 Ordinis
1133 1218 1196 1284 sive
1213 1219 1380 1286 Conlmter·

124 1315 235 1380 nitatis
254 1314 364 1380 diebus
383 1313 555 1378 Natiuitatis
575 1318 606 1376 et
626 1312 868 1376 Resurrectionis
888 1311 924 1376 li.
946 1312 982 1377 N.
1002 1311 1028 1375 l.
1050 1310 1083 1377 G.
1104 1313 1328 1396 Assumptiouis
1344 1315 1379 1380 B.

127 1412 169 1476 ll.
191 1410 227 1474 ll.
248 1424 283 1475 nc
303 1409 335 1473 in
357 1410 432 1473 testo
447 1408 478 1472 S.
492 1407 620 1487 Agnetis
634 1403 785 1486 Secundo,
806 1405 888 1488 (qua
910 1407 961 1470 die
982 1406 1082 1470 divina
1104 1407 1283 1473 revelatione
1297 1409 1379 1476 Ordo

128 1505 345 1572 Sanctissimae
367 1503 523 1568 Trinitatis
545 1502 704 1567 institutus
717 1501 795 1583 luit)
816 1507 847 1566 et
867 1502 1018 1584 deprecati
1040 1502 1153 1566 luerint
1173 1519 1227 1584 pro
1248 1521 1322 1585 pace
1335 1505 1380 1570 in·

127 1608 176 1666 ter
198 1599 386 1665 Christianos
407 1598 572 1681 Principes,
593 1613 650 1662 neo
670 1613 732 1662 non
752 1597 913 1663 haeresum
934 1597 1145 1680 extirpatione,
1167 1615 1201 1664 ac
1221 1595 1253 1666 S.
1273 1599 1377 1665 llatris

125 1695 280 1760 Ecclesiae
300 1692 493 1758 exaltatione.
1324 1723 1330 1730 ·

209 1787 257 1854 8.⁰
277 1787 471 1869 indulgentia
491 1791 607 1870 septem
621 1802 771 1852 annorum
786 1786 972 1869 totidemque
985 1786 1249 1868 quadragenarum
1262 1789 1379 1856 eisdem

128 1885 156 1950 si
179 1899 250 1950 vere
271 1884 461 1964 poenitentes
480 1889 511 1947 et
531 1883 659 1948 confessi
682 1881 899 1948 intervenerint
919 1881 955 1952 ad
971 1880 1002 1970 S,
1021 1882 1188 1964 scapularii
1208 1883 1377 1950 Processin·

126 1995 201 2044 nem
222 1979 256 2042 in
275 1995 336 2044 una
357 1976 523 2057 cujuslibet
541 1977 655 2043 mensis
675 1976 832 2041 Dominica
853 1994 870 2040 a
892 1976 1107 2060 Superioribus
1134 1978 1256 2045 Ordinis
1279 1979 1378 2044 deter-

126 2072 286 2148 minanda,
306 2070 346 2136 de
366 2071 489 2136 licentia
509 2076 609 2137 tamen
632 2070 782 2136 ordinarii
804 2070 873 2134 loci.

210 2167 257 2234 9.⁰
278 2167 469 2248 indulgentia
489 2171 604 2249 septem
625 2180 775 2230 annorum
787 2169 818 2228 et
832 2164 958 2230 totidem
972 2166 1238 2248 quadragenarum
1252 2167 1378 2243 eisdem,

126 2264 183 2348 qui
204 2263 267 2328 Piis
287 2262 436 2344 Operibus
458 2267 519 2326 tam
546 2260 754 2342 spiritualibus
775 2275 867 2342 quam
888 2261 1094 2342 corporalibus
1123 2261 1294 2327 vacaverint
1321 2280 1377 2344 pro

126 2373 256 2424 suorum
276 2362 469 2439 peccatorum
492 2355 679 2436 remissione,
693 2371 729 2418 ac
742 2371 797 2436 pro
810 2355 999 2436 captivorum
1013 2373 1030 2420 a
1044 2356 1189 2421 servitute
1208 2357 1378 2429 'l'uroarum

125 2461 157 2522 et
178 2453 309 2518 aliorum
331 2451 501 2517 infidelium
520 2449 739 2532 redemptione.
1240 2531 1244 2539 ¹

211 2548 276 2615 l0.⁰
298 2545 490 2628 indulgentia
511 2550 627 2627 septem
650 2559 801 2609 annorum
819 2544 1006 2628 totidemque
1030 2546 1294 2627 quadragenarum
1314 2547 1372 2612 eis

128 2643 201 2708 dem
223 2642 248 2708 si
270 2641 327 2707 rite
347 2640 491 2717 comessi,
506 2644 559 2704 aut
572 2637 678 2704 saltem
698 2655 769 2704 cum
782 2641 937 2721 proposito
958 2642 1139 2720 condiendi,
1160 2642 1377 2708 intervenerint
1480 2633 1483 2640 '

125 2734 318 2803 Processioui
346 2751 426 2816 uuae
450 2735 500 2816 llt,
520 2733 643 2816 quaudo
665 2739 783 2815 peracta
804 2736 1035 2818 Redemptiuno,
1058 2738 1088 2801 in
1110 2739 1211 2820 aliqua
1231 2737 1376 2818 Ecclesia,

127 2833 282 2940 Cappella,
304 2835 357 2895 aut
384 2829 522 2896 oratorio
550 2828 672 2897 Ordinis
694 2829 740 2894 rel
761 2827 1022 2898 confraternitatis
1049 2831 1240 2918 recipiuntur
1266 2833 1377 2916 captivi
1413 2889 1416 2895 r

126 2928 489 3103 redenlli).t‘:⁸lndolv;ontia
510 3025 632 3102 septem.
647 3035 797 3085 annorum
819 3020 933 3086 eisdem
953 3020 1047 3086 semel
1069 3023 1099 3087 in
1122 3037 1204 3092 enno
1224 3023 1274 3090 die
1288 3013 1326 3090 ad
1341 3025 1376 3090 li·

125 3114 227 3182 bitum
248 3115 399 3197 eligenda,
420 3115 446 3180 si
468 3131 536 3180 rere
558 3115 746 3194 poenitentes
766 3115 884 3196 riteque
904 3115 1042 3194 malesei,
1059 3133 1095 3181 ac
1108 3116 1139 3182 S.
1155 3115 1376 3186 Communione
1482 3187 1491 3194 ,

124 3210 249 3288 relecti,
277 3209 413 3290 quotidie
434 3223 624 3292 perannum
651 3208 785 3274 dixerint
808 3217 854 3273 ter
874 3209 981 3302 Potor,
1002 3210 1064 3274 Aee
1083 3218 1114 3275 et
1136 3210 1239 3276 Gloria
1264 3213 1322 3276 etc.
1345 3219 1376 3278 et

125 3305 221 3370 semel
241 3303 326 3368 Soloe
345 3304 459 3388 Rapina
478 3310 536 3370 etc.
557 3311 678 3383 orantes
692 3319 748 3384 pro
768 3302 900 3385 Captivis
921 3303 1101 3372 Christianis
1121 3311 1156 3370 ut
1175 3305 1292 3388 Nomen
1310 3307 1375 3372 Sal·

124 3398 238 3464 valoris
258 3399 354 3463 nostri
381 3415 443 3464 non
471 3398 640 3478 abnegent,
661 3397 714 3462 sed
736 3413 807 3462 cum
826 3399 1004 3464 tortitudine
1025 3399 1188 3475 inbancta
1212 3400 1286 3466 Eide
1306 3417 1373 3484 per·

122 3498 269 3560 maneant
288 3499 319 3558 et
338 3493 520 3575 quantocius
542 3509 558 3556 a
577 3491 779 3558 barbarorum
799 3494 945 3558 servitute
966 3493 1028 3557 sint
1048 3493 1146 3558 liberi.

195 3587 271 3652 w
285 3587 476 3669 indulgentia
487 3587 623 3669 quinque
635 3603 786 3652 annorum
800 3591 831 3651 et
845 3588 971 3652 totidem
981 3587 1246 3670 quadragenarum
1256 3587 1373 3654 eisdem

125 3683 343 3750 comitantibus
363 3697 435 3747 cum
455 3682 572 3746 lumine
592 3681 639 3746 rel
659 3681 725 3766 siue
743 3680 898 3748 luminosi
913 3699 974 3746 non
996 3683 1122 3764 possint,
1143 3683 1374 3750 sanctissinum

126 3777 340 3848 Eucharistiae
356 3774 585 3841 Sacramentum
606 3791 677 3841 cum
697 3774 735 3840 ad
756 3775 893 3841 inermos
913 3776 1056 3841 defertur.
1339 3819 1341 3826 s

210 3869 274 3936 l3.⁰
291 3869 486 3961 indulgentia
500 3874 623 3935 centum
637 3869 757 3934 dlerum
771 3872 889 3952 quoties
903 3871 1088 3936 comitantur
1101 3871 1140 3938 ad
1153 3869 1374 3954 sepellieodum
1463 3901 1468 3908 ·

123 3985 252 4051 corpora
272 3967 485 4032 detunctorum
505 3977 569 4031 tam
588 3964 739 4033 sodalium
753 3981 846 4048 quam
866 3967 1007 4048 aliorum,
1028 3971 1148 4034 orantes
1163 3983 1219 4049 pro.
1235 3966 1372 4049 ipsisne

122 4063 247 4129 iunctis.

207 4157 274 4224 ll.⁰
294 4157 487 4242 Indulgentia
499 4162 625 4224 centum
638 4158 758 4226 dierum
771 4158 892 4240 quoties
906 4157 1106 4224 interveniant
1120 4157 1229 4238 llissis,
1242 4157 1372 4241 aliisque

124 4255 243 4322 Divinis
264 4254 388 4338 Officiis,
408 4254 532 4338 quaein
547 4253 690 4323 Ecclesiis
710 4253 871 4338 cappellis,
884 4257 938 4322 aut
950 4253 1096 4324 oratoriis
1110 4253 1371 4324 Contraternitatis
