3164 4926
546 395 763 462 -ltd-

89 529 203 602 nultos
225 529 288 602 Sua
304 528 394 602 banc
418 529 557 620 gratiam
574 532 703 622 absque
729 531 796 603 nlla
821 527 935 602 Breuis
952 529 1184 624 expedictione
1200 531 1267 606 sul·

87 642 308 734 inpunitatem
335 643 462 716 Romae
487 642 541 717 die
570 647 614 715 l8
640 643 748 718 Martii
773 661 862 716 anno
890 647 996 715 linc.

544 757 605 829 Fu.
631 758 660 830 J.
686 757 791 830 Canu.
818 757 1085 830 Ponrocnnnnno
1111 756 1233 831 honr.

510 870 551 943 Α.
577 871 624 944 Μ.
651 869 747 944 Erbo
770 871 866 942 Prot.
894 869 1108 963 Apostolicns
1134 871 1258 945 Secrel.

595 1068 705 1142 CXCI.

537 1213 766 1268 snnrsnundnrt.

125 1317 155 1390 ll
175 1318 345 1394 sacramen
369 1318 656 1411 indulgentiarum
680 1319 859 1394 thesaurus
876 1319 919 1393 ab
936 1318 1030 1392 omni
1046 1317 1266 1392 simulationis

80 1427 232 1504 clalsitatis
256 1433 338 1506 uitio
364 1439 554 1506 seruaretur
569 1431 741 1516 immunis,
759 1433 977 1504 sacrosancta
994 1429 1186 1504 Tridentina
1202 1431 1265 1522 Sy·

80 1539 150 1612 tcdm
160 1544 285 1617 salutari
301 1544 440 1618 decreto
456 1545 605 1628 sancivit,
624 1551 661 1617 ut
677 1544 834 1637 Episcopi
849 1561 968 1616 omnes
986 1542 1113 1616 abusus
1137 1543 1166 1614 si
1189 1543 1267 1634 quris

79 1661 219 1729 coneretur
237 1659 270 1730 ln
289 1659 364 1732 suis
390 1657 605 1731 Dioeeesibus
618 1657 820 1748 colligerent,
843 1662 877 1728 et
892 1662 1008 1747 postea
1026 1655 1069 1728 ad
1087 1656 1122 1728 S.
1140 1654 1266 1727 Sedem

80 1761 208 1852 delorem
232 1777 269 1843 ut
293 1771 378 1863 Ejus
404 1769 597 1843 anctoritate
622 1777 656 1842 et
680 1767 887 1861 providentia
906 1773 1069 1841 statuatur
1085 1765 1178 1859 quod
1194 1766 1267 1838 uni·

79 1879 173 1952 renuis
194 1881 360 1956 Ecclesiae
386 1883 477 1956 bono
502 1879 669 1956 ridebitur
702 1879 885 1974 expedire;
916 1898 1025 1974 nuper
1050 1885 1162 1954 autem
1188 1896 1266 1952 cum

78 1985 237 2067 bibecosi
261 1993 513 2086 salisburgensi
537 1995 648 2086 aliqua
680 1993 832 2084 evulgata
861 1991 928 2065 sint
953 1992 1046 2076 lolia,
1073 2008 1160 2084 qnae
1186 2007 1266 2083 apo·

77 2099 217 2192 tdplarom
241 2107 531 2200 indulgentiamm
556 2107 680 2179 seriem
709 2103 916 2197 praeseferre
949 2102 1122 2188 videntur,
1149 2101 1266 2176 Consi·

78 2214 174 2288 nium
193 2219 484 2313 Archiepiscopale
510 2217 692 2308 Salisbnrgi
718 2216 761 2290 de
787 2215 963 2290 enunciato
988 2213 1182 2288 'lrldentino
1207 2211 1266 2286 de·

79 2333 137 2396 utto
149 2328 315 2406 solicitum
336 2329 379 2404 ad
394 2331 481 2403 banc
498 2331 571 2402 Sao.
590 2328 888 2421 congregationem
906 2325 1024 2400 eadem
1041 2325 1117 2398 lolia
1134 2323 1266 2408 detulit,

77 2439 98 2504 ll
112 2437 163 2512 lu
184 2442 242 2516 ΡΡ.
270 2448 352 2537 post
375 2443 508 2516 illorum
533 2459 677 2515 examen
702 2440 884 2513 decernant
908 2437 1001 2530 quod
1016 2435 1268 2510 Ecclesiasticae

77 2543 237 2643 ll'sripime,
264 2575 304 2630 ac
332 2555 555 2628 OEconomae
580 2554 687 2646 magis
711 2552 897 2627 conueniat.

122 2663 274 2749 donentur
301 2667 403 2760 igitur
428 2667 510 2740 «An
536 2665 656 2740 delato
679 2665 780 2739 dotia
797 2664 865 2738 sint
876 2660 1123 2758 permittendo,
1139 2659 1194 2734 oct
1205 2677 1269 2753 po·

77 2769 118 2841 llll-l
135 2775 357 2853 ttlttdtcertdd
370 2783 406 2851 Y»

121 2885 179 2961 Soc.
202 2891 423 2984 Congregatio
448 2891 513 2966 sub
538 2889 595 2966 dle
611 2897 634 2962 8
650 2891 794 2985 Augusti
814 2893 908 2962 litio
929 2887 1103 2982 respondit
1127 2913 1140 2950 ι
1164 2885 1269 2960 inter·

77 2989 184 3086 neom,
207 3011 239 3077 et
263 3005 309 3078 ad
334 3005 494 3089 Menum,
519 3011 553 3078 et
577 3005 672 3080 llens
698 3011 760 3090 est,
778 3009 816 3078 ut
832 3005 930 3076 Pater
945 3002 1143 3075 Procurator
1160 2999 1268 3072 Gerre

78 3107 126 3180 olis
144 3113 264 3190 Ordinis
289 3117 371 3192 blin.
398 3115 441 3190 de
467 3114 685 3191 Obseruantia
710 3116 746 3190 S.
772 3115 940 3189 Francisci
965 3113 1084 3187 doceat
1108 3109 1151 3184 de
1171 3126 1268 3203 prae·

76 3221 138 3296 ltusr
157 3225 300 3306 laudate
327 3229 489 3326 privativa
514 3229 663 3323 erigendi
689 3227 847 3304 sodalitio
871 3227 968 3306 Pacis
993 3255 1028 3298 ι.

584 3427 709 3506 exuti.

511 3613 603 3672 unsis
628 3616 671 3671 nr
696 3611 816 3670 onnus·

125 3787 164 3859 ln
185 3793 341 3867 Patribus
361 3795 535 3870 itinerum
557 3795 820 3870 observantium
838 3793 872 3865 s.
894 3783 1073 3866 stononci
1098 3779 1268 3874 competat

78 3891 205 3974 mutua
228 3907 377 4000 contras
403 3907 739 4001 monocerotem
763 3906 875 3990 raes,
902 3903 971 3976 nee
1000 3892 1271 3990 confraternita-

80 3997 172 4082 lttnl
193 4013 328 4092 diensis
355 4017 690 4097 denominationibus
716 4039 740 4094 u
764 4019 807 4092 B.
832 4018 973 4092 toonna
1005 4005 1152 4084 Voltcsio
1173 4003 1269 4077 insti·

80 4111 139 4190 ‘llll
158 4125 188 4196 lt
209 4149 287 4204 cusu
311 4137 406 4206 etot

126 4231 184 4310 Sic.
199 4241 414 4339 congregatio
431 4245 537 4322 diets
562 4247 707 4340 Augusti
735 4249 830 4319 ltdc
852 4237 1028 4338 respoudit
1056 4261 1070 4302 ι
1094 4235 1147 4310 Ex
1162 4229 1274 4304 hacle·

81 4347 123 4412 tu
140 4344 270 4532 ᾱοὶᾱὲοιίε
293 4377 364 4436 non
389 4357 574 4438 subsistere
599 4391 634 4436 ι.
