3346 4924
783 352 1001 419 -596-

268 499 421 571 ‘cerbon
440 495 561 566 Ottone
578 493 717 566 occluso
733 487 929 584 reputando
946 488 991 561 sit
1006 501 1237 580 quoecumque
1253 485 1328 558 clio
1347 486 1510 569 ameno,

273 629 316 684 cc
342 627 412 700 pon
440 605 603 700 crucifici
628 603 862 698 conficiuntor.
1460 627 1463 636 Δ

345 721 442 792 Facta
468 718 582 809 itaque
607 715 649 788 de
674 714 829 808 praelatis
856 710 966 788 dubiis
992 709 1211 784 sanctissimo
1236 707 1379 783 Domino
1391 710 1512 784 Nostro

270 832 329 905 Pio
355 832 416 904 PP.
444 829 491 901 lX
515 847 576 921 per
602 846 657 901 me
682 827 928 919 infrascriptum
954 825 1075 898 Sacrae
1100 821 1374 915 congregationis
1398 821 1511 897 ludul-

271 945 458 1038 geutiarum
476 941 697 1014 secretarium
715 939 874 1014 relatione
891 939 926 1011 in
938 938 1114 1012 nudieutia
1127 936 1193 1011 diei
1206 942 1229 1009 8
1243 935 1387 1029 Augusti
1402 941 1508 1009 ledit.

271 1057 434 1130 Sanctitas
452 1056 519 1129 Sua
536 1053 682 1146 benigue
698 1049 872 1146 respondit
888 1050 1000 1146 quoad
1017 1051 1162 1144 primum
1182 1048 1414 1123 «servandam
1432 1067 1509 1123 esse

271 1167 423 1262 ejusdem
448 1167 521 1240 Sac.
550 1164 822 1258 congregationis
848 1163 1178 1252 consuetudinum
1204 1168 1238 1236 et
1262 1160 1375 1254 quoad
1391 1179 1510 1234 secun·

270 1281 352 1354 dum
378 1278 556 1353 declaravit
572 1297 607 1366 ›;
634 1278 699 1351 Per
723 1277 865 1351 uerbum
884 1277 1004 1352 ollone
1028 1272 1276 1366 intelligendam
1302 1289 1379 1348 esse
1395 1273 1509 1348 exclu-

270 1413 344 1467 sam
368 1392 543 1465 materiam
567 1390 716 1482 tragilem
742 1389 925 1463 dumtaxat.

345 1501 434 1578 llaec
459 1509 571 1576 numm
597 1501 708 1574 omnia
733 1502 834 1575 Sacra
850 1499 1070 1593 congregatio
1095 1495 1314 1591 indulgentiis
1330 1497 1512 1592 Sacrisque

270 1617 431 1709 deliquiis
455 1612 644 1708 praeposita
667 1613 757 1708 typis
782 1612 836 1686 edi
860 1613 969 1704 jussit,
995 1617 1040 1694 ut
1057 1611 1234 1703 utriusque
1250 1627 1354 1682 serus
1369 1609 1509 1686 Christi·

261 1729 397 1812 iideles,
424 1728 483 1818 qui
508 1745 528 1798 a
553 1725 724 1798 visitandis
750 1725 784 1798 S.
811 1725 893 1798 Viae
919 1723 1034 1797 Crucis
1060 1721 1264 1796 Statiouibus
1282 1721 1428 1813 legitime
1443 1723 1509 1797 im·

269 1839 382 1936 pediti,
409 1837 598 1912 istiusmodi
623 1837 811 1920 crucifixis,
837 1838 992 1910 laenitate
1018 1834 1202 1908 asummis
1219 1834 1437 1908 Pontificibus
1452 1837 1510 1912 tri-

268 1955 360 2038 buta,
377 1951 562 2025 benedictis
579 1958 725 2037 utentur,
743 1951 897 2024 noverint
913 1967 1075 2042 praesens
1092 1949 1270 2021 Decretum
1291 1947 1334 2021 ab
1350 1949 1509 2024 omnibns

269 2083 344 2139 esse
369 2063 583 2148 servandum,
610 2082 678 2137 nou
704 2063 916 2136 obstantibus
941 2062 976 2135 in
1004 2061 1208 2135 contrarium
1225 2060 1509 2154 quibuscumque.

342 2181 462 2252 Datum
494 2178 619 2254 Rornae
652 2195 696 2250 ex
728 2174 910 2251 secretaria
942 2173 1095 2267 ejusdem
1127 2173 1201 2246 Sao.
1233 2173 1509 2268 congregationis

269 2291 324 2366 die
351 2295 395 2363 itt
422 2289 629 2385 Septembris
658 2293 764 2364 ¹859.
1045 2282 1047 2290 ’

416 2437 418 2445 ,
965 2399 1001 2472 1².
1028 2397 1132 2474 Canu.
1158 2397 1332 2484 neomutus
1358 2399 1483 2474 Pnnur.

1026 2511 1067 2585 A.
1094 2511 1255 2587 columbe
1283 2513 1406 2587 secret.

770 2704 1004 2782 uctxxttllt.

709 2852 829 2908 unars
859 2855 908 2907 nr
938 2853 1056 2908 euers

339 2965 378 3037 lu
404 2963 616 3048 collectione,
634 2963 734 3054 vulgo
750 2963 915 3038 boccello
941 2961 979 3036 dr·
1006 2962 1169 3037 &caloni
1194 2963 1292 3057 epte
1319 2965 1427 3058 Opere
1439 2983 1508 3060 per

271 3077 301 3150 le
327 3077 425 3170 pecli
449 3095 530 3150 sono
557 3079 644 3149 stote
669 3075 850 3149 concedano
867 3075 928 3148 dor'
946 3077 1076 3149 Summi
1092 3075 1255 3170 mutetur
1280 3077 1311 3150 le
1336 3082 1431 3150 sunm
1448 3079 1507 3151 In·

266 3187 431 3282 dolpenze
456 3193 517 3262 etc.
545 3205 631 3280 quae
664 3188 789 3261 Romae
812 3189 882 3280 jam
907 3186 1070 3261 terdecies
1101 3187 1189 3261 edita
1214 3195 1282 3273 est,
1310 3187 1397 3261 iuter
1421 3190 1504 3263 alias

266 3302 438 3394 generales
455 3299 738 3392 indulgentiarum
755 3299 990 3373 concessiones
1015 3317 1055 3372 ea
1080 3300 1250 3373 invenitur
1272 3300 1397 3374 inserta
1414 3321 1433 3372 a
1450 3319 1501 3374 sa.

265 3431 331 3486 me.
358 3412 417 3486 Pio
442 3412 513 3485 Pl'.=
531 3412 590 3484 vlt
615 3411 699 3484 iacta
714 3430 777 3506 per
792 3413 971 3486 Decretum
996 3411 1261 3486 Eminentissimi
1285 3411 1345 3486 Sui
1361 3413 1396 3484 in
1413 3413 1506 3487 Urbe

253 3521 466 3598 'Pro-Vicani
491 3523 557 3599 sub
582 3522 636 3597 die
656 3529 701 3596 te
727 3523 848 3618 Aprilis
869 3529 961 3597 {809
979 3524 1076 3617 cuius
1099 3524 1215 3617 rigore
1238 3524 1392 3598 Universi
1408 3525 1505 3599 Glrri·

263 3635 424 3709 stilideles
449 3635 570 3710 lucrari
595 3644 738 3729 possunt
754 3637 996 3728 indulgentiam
1013 3643 1200 3711 tercentum
1217 3635 1348 3710 dierum
1368 3637 1504 3729 quotes

262 3751 396 3821 orantes
421 3765 483 3842 pro
506 3747 665 3822 fidelibus
690 3749 725 3820 in
752 3756 903 3822 extremo
935 3765 1044 3842 agone
1069 3749 1186 3844 positis
1216 3747 1427 3822 rmbarurint
1450 3756 1504 3824 ter

262 3861 386 3943 Puter',
413 3861 483 3934 Ave
509 3865 542 3933 et
569 3861 690 3934 Glcn’o
715 3861 749 3933 iu
775 3861 972 3934 memoriam
1005 3855 1173 3934 Passionis
1199 3865 1233 3934 et
1256 3859 1405 3950 Agoniae
1436 3861 1501 3934 Do-

261 3972 344 4046 mini
368 3971 479 4048 Nostri
505 3975 583 4048 lesu
599 3973 739 4060 Christi,
767 3992 806 4048 ac
821 3981 873 4049 ter
897 3975 1078 4068 inpellens
1104 3975 1336 4048 salutationes
1362 3974 1398 4046 in
1424 3991 1497 4048 me·

260 4085 402 4158 moriam
428 4083 590 4172 dolorum,
618 4105 704 4178 quos
720 4087 756 4161 Β.
774 4088 876 4162 liar-ia
900 4087 1002 4180 Virgo
1019 4087 1054 4160 in
1071 4086 1199 4180 Agonia
1223 4085 1333 4160 dilecti
1356 4084 1429 4158 Filii
1445 4088 1501 4162 sui

260 4199 405 4292 pertulit,
425 4215 487 4272 nec
504 4217 571 4272 non
597 4201 782 4274 Plenariam
807 4199 1050 4294 indulgentiam
1067 4200 1172 4274 semel
1188 4199 1223 4274 in
1240 4197 1390 4291 quolibet
1405 4217 1501 4274 men·

261 4327 310 4395 se,
336 4309 364 4384 si
388 4313 573 4406 praemissa
597 4314 788 4408 peregerint
810 4315 916 4391 semel
940 4315 1058 4392 saltem
1074 4313 1119 4390 ‘in
1141 4309 1284 4405 siugulis
1316 4311 1496 4406 cuiuslibet
