3134 4918
577 371 796 438 -Μ-

87 501 186 574 mun
208 501 453 594 induigentiam
478 503 663 577 plenariam
687 503 918 576 confirmatam
934 519 1012 574 esse
1027 501 1141 587 uoluit.
1163 503 1301 582 minime

87 631 152 686 veru
173 613 205 686 in
229 613 337 686 baum
361 613 518 701 iubiiaei,
544 623 612 688 mm
637 633 698 708 pro
724 615 829 698 testo,
854 631 957 704 quam
983 631 1045 706 pro
1069 613 1204 689 ootiduo
1230 619 1300 694 An-

86 725 296 808 nuntiationis,
323 725 421 798 uniua
447 725 622 800 dumtaxat
639 728 711 800 vioe
729 726 952 820 praelatorum
969 724 1099 798 derum
1116 729 1223 820 spatio
1240 749 1301 823 poa

84 855 343 928 unumquemque
359 837 615 914 Gbristibdelem
633 837 891 930 adquirendam
909 834 1093 910 dummodo
1110 845 1222 915 tamen
1238 843 1301 916 rite

83 947 215 1041 dispositi
241 948 382 1033 inerint,
408 957 627 1042 caeteresque
652 951 821 1043 appositas
847 949 1053 1023 conditiones
1079 949 1299 1046 adimpleant,

81 1078 112 1132 aa
132 1068 280 1150 seruent;
305 1061 390 1134 iacta
406 1061 544 1136 demum
563 1070 725 1155 potestate
743 1062 947 1155 praedictam
963 1061 1206 1155 indulgentiam
1230 1067 1299 1140 ani·

82 1173 185 1246 abus
196 1175 231 1246 in
246 1175 441 1265 Purgaturio
455 1174 598 1248 detentis
614 1195 676 1268 per
692 1175 831 1249 modum
848 1175 996 1266 sutiragii
1013 1176 1209 1268 applicandi.
1226 1179 1300 1254 Nou

81 1285 273 1358 obstantibus
299 1287 333 1357 in
359 1287 559 1359 eontrarium
586 1287 781 1362 facientibus
813 1287 1096 1379 quibuscumque.
1130 1289 1299 1364 Praesenti

82 1399 325 1490 inperpetuum
351 1398 490 1471 valituro
515 1400 645 1491 absque
671 1401 736 1472 ulia
761 1399 875 1471 Brevis
901 1399 1123 1491 expeditione.

140 1512 256 1583 [tatum
282 1512 410 1584 Romae
439 1531 482 1584 ex
512 1511 694 1584 secretaria
718 1513 792 1584 Sao.
823 1510 1095 1602 congregationis
1120 1512 1298 1604 indulgeu-

79 1623 182 1696 tiarum
208 1625 263 1697 die
292 1630 338 1695 ab
364 1624 571 1717 Septembris
600 1630 705 1698 1839.

680 1736 717 1808 C.
744 1736 849 1808 Cano.
875 1734 1091 1806 cismmnu
1114 1735 1236 1810 Putes.

780 1849 822 1920 H.
851 1847 995 1922 fflooosi
1022 1849 1145 1921 Secret.

596 1960 766 2034 cdxciv.

566 2091 802 2146 annuunt«.

142 2186 297 2258 Vieorios
322 2186 498 2258 Generalis
515 2185 682 2260 Dioeeesb
699 2185 871 2277 Apertam,
888 2185 1084 2278 expoduiot
1096 2187 1299 2260 solutionem

75 2299 310 2372 mundiorem
335 2297 518 2370 dubiorum
535 2295 576 2370 de
593 2296 828 2390 loduipmtiiis,
846 2297 967 2388 puibtts
984 2296 1114 2389 pondo
1135 2299 1195 2372 iio
1214 2299 1297 2372 mo

75 2411 350 2484 mmmm

140 2523 188 2595 t.⁰
214 2525 271 2596 Ao
292 2527 438 2616 pereum
453 2521 692 2615 taoupouioe
707 2541 786 2594 eum
803 2523 937 2602 dputes,
953 2521 1009 2594 oet
1023 2521 1196 2613 imupiaes
1211 2539 1297 2613 qoo-

76 2635 256 2710 tuordecim
282 2635 478 2708 stationum
502 2639 566 2708 out
586 2635 732 2728 purtim,
759 2638 822 2707 out
846 2635 988 2726 iotepre
1014 2651 1228 2726 pimeumpue
1255 2632 1299 2708 de

74 2767 169 2820 consu
194 2768 215 2820 e
240 2749 316 2820 loeo
340 2767 402 2820 suu
429 2751 657 2820 umooeuotor
681 2748 787 2819 odom
811 2745 861 2818 od
886 2747 985 2820 breue
1010 2748 1170 2839 tempus?

137 2861 212 2934 Sae.
245 2859 467 2952 congregatio
490 2857 664 2952 respondit
691 2857 916 2942 «sternens,
942 2857 997 2932 vel
1020 2859 1186 2950 {magnos
1215 2877 1298 2952 qua·

74 2972 250 3046 tmroeeim
275 2973 463 3046 stationum
488 2972 571 3044 Viae
595 2969 712 3044 Cruois
728 2976 786 3042 aut
805 2971 938 3063 partim,
964 2975 1022 3042 aut
1045 2970 1174 3061 integre
1190 2989 1210 3044 e
1226 2971 1299 3046 iooo

73 3102 127 3156 suu
149 3090 351 3158 moueantur
376 3083 419 3156 ad
450 3090 595 3175 tempus,
627 3088 663 3154 ut
694 3081 806 3154 denuo
839 3080 948 3154 eidem
973 3081 1046 3153 iuoo
1071 3082 1297 3168 restituantur,

73 3195 292 3290 indulgentias
316 3214 386 3268 non
410 3196 520 3288 perire
533 3223 568 3266 ι.

138 3310 188 3381 2⁰
215 3311 271 3382 Au
291 3315 449 3402 pereunt,
467 3327 544 3380 cum
557 3325 667 3380 ooooe
684 3307 867 3398 imopioes,
885 3305 1028 3378 seruatis
1046 3305 1219 3388 Cmcibus,
1237 3312 1301 3381 out

73 3423 136 3494 uite
159 3441 274 3502 omso,
300 3440 410 3492 novoe
438 3421 570 3501 Cruces
596 3421 739 3494 eruatis
764 3418 988 3508 tmopioibos,
1014 3418 1051 3489 io
1077 3418 1189 3490 iocum
1211 3420 1301 3491 otio·

74 3553 143 3605 rum
163 3535 302 3628 puriter
326 3539 388 3606 out
408 3535 554 3627 purtim,
581 3537 643 3605 uot
667 3534 797 3623 intepro
821 3530 1080 3622 sufflammtur?

138 3645 375 3740 Respondetua
392 3673 406 3708 ι
423 3645 650 3736 induigentiao
666 3645 748 3717 Viae
764 3643 880 3716 crutis
897 3642 1060 3715 Crucibus
1075 3647 1205 3715 mutum
1221 3649 1301 3716 suut

74 3757 229 3843 adnexae,
257 3757 395 3834 minime
420 3776 500 3832 vero
525 3756 740 3848 imaginibus
766 3773 854 3846 quae
879 3755 1087 3828 neeessariae
1111 3773 1180 3834 non
1204 3759 1299 3830 sunt:

74 3869 130 3942 imo
154 3871 277 3964 posito
304 3869 332 3941 si
359 3869 484 3942 Canum
509 3869 664 3961 primitus
688 3866 884 3940 benedictae
907 3866 1045 3938 omnino
1069 3873 1217 3957 pereant
1245 3867 1301 3947 aet

75 3981 232 4066 tollantur,
249 3982 369 4054 iterum
382 3999 470 4053 nova
483 3981 616 4064 erectio,
630 3986 664 4053 et
677 3977 864 4053 benedictio
881 3978 1058 4068 seponitur
1071 3975 1114 4049 ad
1126 3977 1300 4070 acquiren-

73 4092 128 4166 das
151 4093 390 4186 indulgentias,
406 4093 437 4166 si
454 4111 535 4166 vero
550 4101 699 4185 pereunt,
725 4091 779 4165 uel
803 4091 959 4164 tollantur
982 4108 1028 4164 ex
1052 4090 1172 4164 minori
1193 4097 1298 4183 parte,

76 4203 142 4278 tinet
167 4207 249 4278 alias
271 4206 338 4278 iilis
361 4205 566 4279 substituere
590 4205 719 4295 absque
735 4203 802 4275 uita
822 4221 910 4275 nova
933 4201 1112 4286 unedone,
1137 4207 1173 4276 et
1195 4203 1299 4278 bute·

76 4315 231 4408 diotioue;
257 4317 401 4410 ideoque
426 4316 651 4408 indulgentias
677 4332 894 4408 perseverare
907 4345 940 4386 ι.
