3164 4926
767 341 984 409 -156-

265 481 435 580 cappellis
455 481 617 575 publicis,
643 477 842 571 requiratur
875 477 1039 568 aliqualis
1072 477 1237 552 abinalia
1266 481 1353 554 inter
1386 498 1495 555 unarn

261 602 294 671 et
319 597 430 670 alian
448 593 688 667 Statianernt»
713 589 868 664 Secundo
897 618 909 652 ‹
935 592 988 664 An
1005 592 1041 664 in
1058 590 1253 682 buiusntneli
1269 595 1494 668 arationibus

263 728 351 800 quae
379 709 464 802 finnt
486 710 587 779 entra
613 704 780 777 ambiturn
808 703 1298 778 convenientibusque
1325 708 1359 778 S.
1385 707 1496 780 lban-

262 821 341 895 eisci
358 826 431 893 tarn
444 819 486 893 rie
503 816 739 900 Obseruantia,
759 835 864 907 quarn
881 815 1160 908 Reformatorurn
1178 821 1210 890 et
1226 819 1495 893 Reeolleetorurn

260 935 460 1024 requiratur
486 931 623 1004 lieentia
643 929 927 1010 ordinariorum,
954 947 1014 1002 nea
1039 947 1109 1001 non
1133 929 1381 1014 barrabanum,
1409 933 1495 1005 alto·

259 1063 403 1137 ruraque
423 1044 606 1137 respective
628 1042 852 1134 superiorum
877 1059 1055 1114 bonumne
1080 1043 1117 1115 iu
1141 1043 1303 1135 seriptis?
1327 1072 1340 1105 »
1365 1043 1495 1130 Quibus

260 1157 377 1230 eadem
410 1159 483 1229 Sea.
518 1154 737 1247 congregatio
762 1153 980 1246 indulgentiis
1013 1154 1191 1246 sacrisque
1215 1154 1374 1247 Reliquiis
1399 1174 1495 1248 praa

258 1269 366 1363 posita
391 1266 447 1342 die
472 1272 518 1339 28
545 1266 686 1359 Augusti
716 1271 809 1338 true
836 1265 1087 1340 decernendum
1113 1285 1189 1340 esse
1213 1267 1343 1341 oeusub
1368 1267 1410 1340 ab
1426 1269 1497 1341 Pri·

257 1399 353 1455 muns
379 1407 391 1443 ι
416 1379 622 1453 affirmativa
646 1398 681 1469 ¹3
708 1385 742 1454 el
768 1378 811 1453 ab
836 1379 1033 1454 Secundum
1058 1407 1070 1442 ι
1094 1378 1310 1465 affirmative,
1336 1385 1370 1454 et
1388 1386 1497 1456 treus·

258 1480 430 1556 mittamur
455 1477 590 1554 decreta
613 1507 649 1551 ι.

784 1592 843 1663 Fu.
870 1591 897 1664 l.
925 1590 1028 1664 crau.
1055 1592 1320 1666 Pouuoasuaauo
1345 1593 1470 1669 Pauus.

748 1703 789 1777 Α.
816 1706 862 1780 Μ.
889 1706 984 1779 Erba
1009 1706 1103 1778 Prot.
1130 1705 1343 1799 apostoliens
1369 1710 1494 1784 Staret.

815 1901 938 1976 CCVII.

684 2047 1070 2102 unauuouourrnun

331 2157 416 2232 cum
441 2157 476 2230 iu
502 2155 686 2230 Paroubiali
709 2156 873 2242 Eulesia,
900 2156 979 2229 boui
1003 2157 1052 2228 De
1077 2157 1278 2231 Huameutta
1304 2157 1496 2253 Augalopu-

256 2270 376 2344 buuae
401 2270 571 2345 Dioeeesis
596 2289 753 2362 maguam
778 2269 901 2344 habeat
924 2271 1176 2344 venerationem
1202 2271 1367 2364 quaedam
1396 2274 1499 2348 mira·

258 2383 341 2458 eulis
367 2383 454 2458 alara
478 2385 592 2474 imago
616 2384 698 2456 lesu
723 2382 844 2456 christi
877 2382 1110 2476 Redemptoris
1141 2385 1252 2460 Nostri
1281 2385 1415 2458 Domini
1439 2386 1498 2460 del

257 2499 406 2589 Desposu
431 2501 612 2588 uuueupat.
640 2500 673 2568 et
699 2494 731 2567 in
759 2495 831 2586 ejus
856 2494 1023 2587 cappella,
1050 2497 1193 2589 ejusque
1216 2497 1251 2569 in
1271 2497 1437 2572 honorem
1464 2505 1500 2572 et

258 2607 384 2680 auitum
410 2613 546 2680 eentum
572 2606 718 2680 abbibo
747 2605 876 2680 eiroiter
909 2606 1005 2678 aunis
1031 2607 1223 2680 saturitate
1256 2608 1422 2682 ordinarii
1447 2611 1499 2683 iu·

257 2721 370 2794 stituta
383 2719 427 2792 sit
440 2719 495 2812 pia
511 2719 688 2810 tibiasque
704 2735 807 2792 sexus
825 2717 1096 2793 christifidelium
1114 2719 1385 2811 conbateruitas3
1404 2741 1499 2796 nuuc

257 2851 338 2906 vero
364 2831 554 2924 Presbyteri
579 2830 704 2924 loseph
727 2830 882 2904 Nicotaus
908 2836 942 2902 et
966 2831 1113 2922 Ignatius
1134 2833 1299 2906 xaverius
1325 2834 1498 2908 tavanera

257 2945 407 3037 germani
434 2947 565 3018 Fratres
591 2943 698 3017 dietae
722 2942 899 3036 cappellae
923 2951 1134 3036 reparatores
1150 2951 1184 3020 et
1208 2944 1331 3038 egregii
1357 2947 1498 3021 beneia-

258 3063 366 3130 atores
391 3058 582 3148 coeterique
608 3053 760 3146 ejusdem
786 3054 1070 3131 confraternitatis
1094 3057 1284 3130 contraires
1310 3064 1344 3132 at
1369 3058 1500 3134 conso

256 3189 350 3244 rores
376 3169 566 3243 dubitantes
592 3165 635 3240 do
659 3167 766 3259 ipsius
792 3168 1008 3242 subsistentia
1034 3177 1068 3244 et
1092 3170 1250 3243 eanomea
1267 3171 1437 3246 erectione
1454 3173 1501 3246 ad

257 3284 413 3358 effoetum
438 3278 606 3374 gaudendi
631 3279 859 3372 indulgentie,
885 3288 954 3356 tarn
983 3282 1137 3368 obtentis,
1164 3301 1267 3374 quam
1291 3282 1499 3370 obtinendis

257 3413 298 3468 eo
324 3394 403 3487 quia
428 3393 471 3467 ab
496 3390 685 3484 apostoliea
711 3391 799 3466 Sede
824 3411 893 3467 nou
918 3394 1017 3468 luerit
1041 3393 1246 3480 confirmata,
1264 3395 1503 3487 supplicarunt

256 3506 442 3581 humillime
475 3523 536 3598 pro
566 3504 712 3596 benigna
742 3504 988 3580 deelaratioue:
1021 3507 1132 3578 Primo
1161 3532 1174 3567 ‹
1202 3508 1257 3579 An
1289 3506 1358 3580 diei
1385 3510 1503 3601 possit

256 3618 426 3694 eanonira
443 3614 556 3690 dietae
575 3616 875 3709 confraternitatis
896 3619 1032 3702 erratio,
1050 3617 1155 3692 sollus
1182 3617 1362 3692 ordinarii
1379 3625 1504 3694 aneta·

256 3733 360 3804 ritate
376 3729 496 3822 saeta?
520 3758 532 3792 ι
557 3729 714 3804 Seouudo
738 3757 752 3794 ι
776 3732 830 3802 Aa
846 3731 1021 3823 reportari
1047 3729 1168 3803 debeat
1192 3731 1392 3824 Apostoliaa
1419 3752 1504 3808 aun·

256 3842 434 3937 firmatio?
458 3870 493 3913 ι.
519 3841 650 3928 Quibus
676 3843 749 3914 Sao.
767 3841 985 3933 congregatio
1002 3840 1219 3932 indulgentiis
1237 3842 1417 3934 sacrisque
1434 3846 1506 3919 Re

256 3953 368 4045 liquiis
384 3954 574 4046 praeposita
586 3954 641 4027 die
656 3958 702 4025 28
716 3954 859 4046 Augusti
877 3957 972 4025 ¹752
984 3953 1241 4042 ¹rescribendum
1255 3972 1331 4028 esse
1344 3959 1504 4034 censuit:

257 4064 312 4140 bd
335 4067 485 4142 Primum
515 4066 755 4142 ‹affirmative
781 4095 793 4130 ι
818 4065 872 4139 rid
895 4066 1089 4140 seeundum
1117 4095 1130 4130 ‹
1159 4067 1232 4141 Nou
1257 4067 1408 4160 indigere
1435 4099 1475 4145 ι.

769 4179 827 4252 Fu.
853 4180 882 4252 l.
909 4179 1013 4254 Canu.
1040 4182 1306 4254 Pourounuauuo
1331 4181 1459 4257 Purus.

733 4292 775 4366 A.
801 4293 847 4370 M.
874 4294 969 4368 Erba
994 4295 1088 4368 Prot.
1115 4295 1327 4388 Apostoliaus
1360 4296 1495 4371 Serrai.
