3270 4920
292 277 365 344 008

259 411 305 470 An
327 405 535 487 indulgentiae
557 421 611 485 pro
632 404 737 466 (illicio
757 421 848 485 parvo
868 412 1096 483 wnscquantur
1109 421 1126 462 n
1140 400 1302 465 Sodalibus

317 485 516 550 recitantibus
538 495 655 548 tantum
678 487 857 546 iiatntinum
879 484 1059 545 cthudesi
1100 529 1110 547 .
1190 527 1200 542 .
1280 505 1300 545 a
1360 483 1401 544 87
1444 483 1504 546 505

259 569 303 631 lle
318 566 515 648 indulgentiis
529 583 585 646 pro
597 566 774 628 recitatione
789 563 1009 645 Antiphonaea
1024 563 1261 644 80500150ρί00,
1274 574 1302 624 et

319 651 373 710 nab
394 658 480 708 tuum
496 643 695 726 praesidinm
716 655 812 707 etc.»
919 689 929 710 ,
1011 689 1019 706 .
1102 685 1112 705 .
1192 685 1202 704 .
1285 663 1303 701 a
1346 645 1406 706 005
1447 646 1507 708 580

258 730 305 791 lio
318 727 520 808 indulgentiis
534 745 589 806 pro
603 725 783 788 recitatione
798 743 921 807 precum
932 735 965 788 et
978 720 1102 788 1000500
1114 726 1147 786 50
1156 721 1304 788 hamram

319 811 351 870 S.
367 807 472 870 Cardia
488 807 598 870 itariae
615 846 1203 870 ........
1285 823 1304 863 a
1346 805 1407 865 500
1448 808 1508 867 505

259 886 586 968 Deindulgentiispro
605 884 885 950 Litaniisll.di.v.
922 930 932 947 .
983 915 1021 947 ·.
1103 930 1112 948 .
1192 929 1203 947 .
1283 905 1302 948 r
1344 885 1404 946 555
1445 889 1503 947 505

260 969 305 1028 De
319 966 521 1048 indulgentiis
532 986 588 1048 pro
601 965 819 1029 Orationeao
839 967 993 1029 Modre'di
1015 968 1076 1026 Dio
1096 975 1191 1026 ete.»
1284 985 1302 1023 a
1344 966 1404 1026 555
1445 968 1507 1028 aaa

259 1050 304 1109 De
317 1047 510 1128 indulgentia
531 1044 760 1108 obsculantibus
775 1046 882 1128 pedem
898 1045 1040 1125 imaginis
1060 1062 1249 1106 marmoreae
1270 1045 1303 1105 li.
1424 1113 1428 1116 ,

321 1131 361 1189 ti.
377 1131 414 1190 V.
429 1126 521 1208 vulga
535 1125 586 1189 dcl
597 1130 696 1189 Porto
718 1128 748 1187 in
760 1129 893 1190 Ecclesia
908 1131 936 1188 S.
952 1124 1114 1206 Augustini
1130 1123 1261 1186 dellrbe
1283 1145 1301 1184 a
1343 1127 1404 1188 550
1446 1128 1507 1190 508

259 1207 304 1270 De
325 1209 529 1288 perpetuitate
549 1206 808 1286 Indulgentiarum
830 1225 885 1287 pro
900 1205 957 1285 piis
972 1205 1132 1266 Exercitiis
1147 1204 1239 1283 vulgo
1253 1204 1305 1267 del

320 1290 404 1350 dicae
416 1291 578 1366 750νί000,
590 1285 759 1348 Carneoole
773 1286 1087 1369 aantlfiento,edcllo
1098 1287 1251 1346 Desolata
1284 1305 1303 1344 a
1344 1288 1405 1350 558
1446 1289 1504 1350 555

411 1365 490 1430 Vide
511 1368 601 1430 etiam
622 1369 785 1428 Decretum
805 1365 875 1448 085)
1028 1404 1032 1411 ·

258 1447 303 1509 De
323 1445 515 1528 indngenlin
537 1465 593 1527 pro
614 1448 795 1510 Oratione«
822 1450 949 1527 Vergini
969 1448 1064 1509 SSmn
1085 1455 1202 1507 atc.a.
1285 1467 1302 1506 a
1344 1450 1404 1509 555
1445 1449 1504 1510 550

257 1529 302 1588 De
313 1525 507 1608 Indulgentia
524 1545 579 1609 pro
589 1527 732 1588 Oratione
745 1547 762 1584 0
775 1532 801 1589 0
812 1523 1089 1592 Excellentissimo
1104 1523 1268 1604 Virgaele.
1285 1547 1303 1586 a
1345 1530 1404 1588 507
1444 1529 1505 1590 550

259 1605 1302 1688 lleindulgentiaproOrationc«Vero.SSmodiodrediDioctc.a
1345 1610 1405 1670 508
1444 1611 1500 1669 555

260 1687 508 1768 Deindulgentia
522 1705 577 1768 pro
591 1691 705 1748 coram
718 1687 878 1749 duodecim
893 1685 1056 1750 Stellarum
1101 1730 1111 1750 .
1192 1731 1201 1745 .
1285 1709 1303 1745 a
1345 1691 1405 1750 500
1444 1691 1505 1749 toti

258 1765 438 1847 Dclndulg.
454 1787 509 1848 pro
524 1768 773 1829 Orationeadua
787 1771 1108 1847 Angustissimum.»
1191 1809 1200 1826 .
1285 1787 1303 1824 a
1344 1770 1400 1829 585
1445 1770 1504 1830 577

258 1845 1019 1928 lieindulg.proOrntione«Memororcetm.
1102 1889 1110 1906 .
1193 1887 1202 1905 .
1284 1867 1303 1906 n
1344 1849 1405 1908 585
1446 1849 1505 1910 580

257 1925 302 1985 Dc
315 1924 435 2008 iudulg.
453 1945 507 2006 pro
523 1928 665 1990 Oratione
681 1947 698 1984 0
714 1930 773 1989 Aac
795 1923 905 1990 Maria
920 1928 1076 1990 doloribus
1092 1923 1187 2006 pleno
1207 1936 1267 1990 etc..
1285 1947 1302 1986 a
1345 1929 1404 1990 505
1445 1930 1503 1990 508

258 2004 898 2088 00500053.00000000000017000500
918 2023 986 2068 mea
1007 2016 1108 2067 etc.»
1195 2051 1230 2084 ,Ι
1285 2029 1302 2066 a
1344 2009 1404 2069 505
1444 2011 1503 2070 050

257 2082 1107 2168 Deluduig.proiaculatorianilalcecuorda'llora'a
1126 2095 1214 2149 etc..
1284 2108 1302 2146 a
1345 2089 1403 2149 557
1444 2090 1504 2149 050

257 2166 302 2226 De
316 2163 476 2248 indulgen.
514 2185 547 2229 ra
562 2169 710 2230 domnula
722 2167 805 2228 SSn'ri
820 2166 928 2230 cordis
942 2166 1055 2226 itariae
1102 2211 1109 2226 .
1192 2211 1200 2226 .
1279 2186 1301 2226 s
1344 2169 1402 2230 555
1445 2170 1502 2232 055

257 2244 431 2326 Antiphone
453 2187 608 2329 0509500
629 2249 711 2310 Caeli
733 2257 786 2309 etc.
808 2267 887 2327 quae
907 2245 968 2310 dici
992 2245 1071 2308 solet
1092 2256 1227 2325 tempore
1248 2249 1306 2309 Pa·

318 2324 411 2390 acheli
423 2326 489 2390 loco
503 2345 626 2407 precum
642 2329 804 2406 »Angelus
826 2324 964 2402 Domini,
986 2327 1134 2388 recitatur
1144 2326 1175 2387 in
1190 2327 1303 2406 uliqui-

319 2406 375 2470 bur
392 2408 464 2471 locis
479 2427 547 2473 oum
568 2406 726 2470 versiculo
747 2418 779 2468 ot
799 2408 1005 2488 desponsione
1025 2406 1157 2467 diversis
1178 2405 1217 2466 ab
1237 2407 1300 2469 iilia

317 2504 395 2566 quae
410 2489 521 2551 dantur
535 2489 565 2548 in
580 2487 735 2550 Breviorio
749 2490 893 2566 llomnno,
906 2486 979 2552 liaeo
989 2485 1184 2549 commutatio
1195 2485 1247 2549 dat
1262 2505 1302 2548 nc

296 2567 550 2650 rjusadtnduig.
573 2565 759 2652 lucrandas?¹
831 2610 1199 2630 .....
1281 2589 1298 2628 a
1341 2569 1400 2631 505
1441 2573 1499 2634 050

256 2649 303 2709 An
318 2646 528 2729 indulgentiae
542 2647 676 2712 adnexae
692 2645 862 2710 recitationi
878 2648 975 2710 Officii
991 2645 1076 2729 parri
1091 2648 1122 2707 ll.
1139 2650 1178 2708 ld.
1195 2651 1229 2709 V.
1245 2667 1297 2711 va·

236 2779 240 2790 s
318 2726 401 2822 leant
416 2732 553 2823 prateolo
567 2729 673 2823 Ollicio
694 2731 839 2807 Romano,
860 2731 908 2791 vei
928 2745 985 2809 pro
1005 2724 1097 2790 uariis
1118 2730 1299 2790 auctontatc
1320 2810 1327 2824 ·
1352 2809 1361 2824 .

256 2810 757 2981 00505555501505001105005505000
773 2853 946 2972 dentitione
958 2891 992 2954 α’
1002 2847 1106 2954 nostrl
1123 2830 1303 2954 santerna}
1318 2810 1394 2873 stud·
1425 2813 1499 2878 'bid‘

312 2973 514 3049 parallelo»
559 3013 1110 3035 .......
1122 2989 1125 2994 ·
1190 3014 1199 3033 .
1279 2991 1299 3030 a
1342 2975 1401 3035 508
1442 2976 1500 3036 085

388 3159 389 3164 1
511 3119 809 3178 mastaurorum
827 3119 1037 3178 adamantini

257 3219 508 3345 Ilalndulgentin
524 3265 734 3346 peoorationo
750 3285 767 3324 0
783 3267 892 3345 ,tapete
913 3268 1075 3328 Deleta.»
1118 3311 1126 3328 .
1209 3305 1217 3326 .
1301 3285 1319 3326 a
1361 3267 1421 3328 000
1442 3269 1501 3329 500

256 3345 301 3405 De
316 3344 514 3426 indulgentiis
536 3363 590 3428 pro
611 3351 728 3428 ilymna
750 3367 767 3406 0
797 3349 835 3408 Ta
855 3347 1003 3428 splendor
1017 3355 1074 3412 cla.
1099 3345 1131 3414 in
1154 3341 1301 3406 honorem

316 3427 347 3488 S.
370 3426 526 3500 lliahaelia
547 3426 766 3509 Archangeli.
850 3470 857 3487 .
940 3473 949 3492 .
1009 3454 1040 3492 ·.
1120 3473 1129 3492 .
1211 3469 1219 3486 .
1300 3446 1319 3488 a
1362 3427 1419 3489 555
1443 3429 1500 3490 500

563 3577 649 3636 xvii.
667 3576 789 3648 sanan
806 3575 943 3634 rossam
984 3597 987 3604 ·

254 3719 298 3784 lic
320 3719 524 3804 indulgentiis
545 3739 600 3802 pra
614 3719 757 3803 precibus
773 3744 790 3784 0
806 3720 897 3802 vulgo
909 3717 1025 3790 Dolori
1036 3721 1073 3782 ed
1084 3718 1296 3800 Alleprezzea
1337 3721 1399 3783 578
1440 3721 1499 3784 570

396 3802 485 3883 (Vide
503 3818 624 3894 quoquc
639 3797 766 3864 Decreta
780 3805 850 3882 070,
866 3798 936 3881 505)
996 3845 998 3850 .

290 3919 295 3926 ’
424 3951 522 4008 xnn.
539 3951 584 4008 ss.
604 3951 817 4024 arosroaon.
834 3951 935 4010 aaran
954 3951 999 4007 aa
1018 3951 1118 4008 0000

255 4107 299 4168 iic
320 4105 437 4188 indnig.
460 4109 598 4172 Plennrin
622 4112 651 4178 ln
674 4115 761 4174 Festo
783 4112 919 4194 linrtyrii
946 4110 997 4175 SS.
1026 4113 1131 4192 apost.
1160 4077 1244 4173 Petri
1269 4118 1301 4171 ct
1386 4123 1390 4132 ·

315 4187 399 4250 Pauli
423 4192 452 4251 in
475 4191 604 4272 singulis
620 4191 850 4268 cathedralibus
873 4191 1049 4254 Pontificius
1067 4189 1197 4254 Ditionls
1278 4211 1297 4250 a
1339 4190 1400 4254 008
1440 4189 1495 4252 000
