3164 4926
539 365 756 433 -tot-

87 499 141 570 rlan
160 499 244 572 etiarn
268 501 437 574 Fluctibus
461 502 631 576 belunctls
657 500 890 595 applicabllem
920 503 1066 595 moigne
1091 505 1267 580 mneosslt.

84 613 184 702 huper
204 618 237 684 ut
260 614 355 685 Prior
378 614 555 706 cujuslibet
572 615 764 688 Conventus
781 613 860 688 dicti
878 615 1012 688 Ordinis
1030 622 1125 690 extra
1140 617 1268 692 Urbem

84 731 175 796 cuturn
195 725 351 810 arianos,
378 728 430 800 vel
456 728 540 802 alius
556 729 719 804 Sacerdos
736 747 797 821 per
814 728 940 802 dictum
964 730 1189 820 respectivnm
1206 731 1269 805 Su·

83 838 204 926 phorm
228 839 469 914 Proaiudatem
493 841 618 934 pariter
649 839 823 932 eligendus
854 841 890 914 iu
923 841 1113 916 Festivitate
1137 843 1192 916 vel
1216 843 1271 917 dle

81 949 205 1040 praelatae
226 951 498 1028 Benedlchonem
524 955 661 1028 nornine
686 955 873 1027 sanctitatis
899 955 987 1028 Suae
1012 955 1141 1047 Populo
1165 957 1272 1030 semel

81 1062 199 1152 hpertiri
224 1065 330 1138 valeat
355 1067 536 1140 clementer
560 1067 707 1141 indulsit.
733 1067 905 1140 Praesenti
930 1067 964 1138 in
991 1074 1191 1160 perpetuum
1212 1086 1269 1141 va·

80 1171 154 1248 lituro.
178 1177 354 1269 voluitque
380 1179 541 1252 Sanctitas
566 1181 634 1252 Sua
650 1179 737 1252 hanc
755 1180 894 1271 gratiam
912 1180 1040 1272 absque
1065 1181 1131 1254 ulla
1156 1181 1271 1257 Brevis

79 1285 247 1377 expeditione
278 1291 473 1382 sunragnt,
503 1293 692 1384 harumque
724 1293 924 1365 Litterarum
947 1293 1180 1385 transumptis,
1210 1311 1272 1368 seu

78 1401 201 1492 erenplls
224 1403 325 1476 eham
341 1403 518 1496 impressis
541 1423 646 1478 mauu
673 1411 706 1478 et
730 1405 839 1496 sigillo
864 1404 1023 1497 praedicti
1050 1411 1083 1478 et
1107 1424 1169 1499 pro
1186 1411 1271 1479 tem·

78 1527 133 1598 pure
152 1513 318 1590 athlantis
345 1515 498 1608 ejusdem
523 1516 658 1590 Ordinis
683 1517 909 1590 Procuratorls
939 1518 1109 1591 Generalis
1134 1516 1271 1592 munitis

78 1623 192 1698 auden
216 1647 358 1720 prorsus
381 1628 484 1702 iidem
512 1629 681 1714 adhiberi,
709 1648 795 1721 quae
828 1628 1042 1703 adhiberetur
1072 1629 1154 1724 ipsis
1179 1648 1274 1725 prae

77 1737 191 1810 auibus
213 1742 241 1812 si
267 1741 379 1814 loreut
404 1741 571 1815 exhibitae
596 1740 652 1814 vel
677 1748 843 1816 ostensae.

125 1849 231 1924 bahana
254 1855 383 1928 Romae
409 1853 463 1928 die
491 1859 534 1926 ta
561 1854 684 1947 Aprilis
712 1859 818 1928 ι7ι7.

568 1969 627 2039 Fra.
654 1968 682 2039 J.
709 1967 812 2041 Canu.
838 1967 1083 2042 Ponauanuuuu
1109 1971 1231 2042 Fatue.

517 2081 557 2152 A.
584 2082 632 2154 Μ.
658 2081 754 2154 Tarba
778 2083 872 2156 Prot.
899 2082 1114 2176 apostolius
1140 2085 1263 2158 soret.

613 2291 704 2366 CLII.

202 2449 358 2503 ratmunt
385 2451 530 2504 tttttuuttat
556 2447 834 2504 nhcohutecuouuu
859 2450 892 2502 lN
918 2449 1101 2504 bantineiis

500 2573 813 2629 dhanane-nutatura

124 2749 169 2822 ld
190 2751 394 2828 humilimas
418 2771 535 2846 preces
560 2755 597 2827 Ρ.
615 2753 775 2828 Gaudiosi
789 2755 903 2846 Meyer
920 2754 1170 2830 provinciarum
1195 2757 1275 2831 Ger·

76 2863 363 2957 uuoltelgicarum
388 2867 450 2941 FF.
478 2866 610 2942 Ordrurs
637 2867 671 2940 S
705 2866 871 2940 Francisci
903 2869 1069 2944 hlluorum
1100 2871 1276 2963 Regularis

76 2967 278 3052 Obseruantiae
304 2953 603 3054 Recolleotorum
594 2997 630 3050 ru
655 2979 805 3052 Romana
822 2978 921 3052 Curia
936 2980 1075 3072 Agentis
1091 2982 1288 3078 Generalis,

77 3079 149 3156 Sacra
177 3089 397 3183 congregatio
429 3091 648 3184 indulgentiis
681 3091 860 3182 sacrisque
896 3093 1057 3184 ttetiquiis
1089 3096 1279 3186 praeposita

76 3190 113 3266 lie
132 3203 172 3272 ιιι
194 3205 302 3278 hlartil
329 3208 421 3276 ι7ι7
449 3203 561 3276 altare
584 3202 865 3294 Privilegiatum
855 3223 892 3277 ro
912 3204 1070 3278 omuibus
1087 3209 1122 3277 et
1136 3205 1277 3296 siugulis

76 3303 198 3386 idetis
222 3317 371 3390 universi
396 3316 531 3390 Ordinis
556 3315 717 3408 praedicti
742 3316 806 3388 sub
832 3316 887 3390 dle
906 3323 948 3389 ιι
967 3316 1162 3390 Decembris
1182 3321 1275 3390 {725

78 3415 302 3516 hmmetnum
326 3430 394 3519 jam
420 3446 638 3517 conoessum
665 3427 701 3500 in
724 3428 882 3502 Foclesils
907 3447 968 3521 per
993 3431 1032 3502 n.
1056 3430 1095 3504 Ρ.
1121 3431 1160 3503 D.
1185 3429 1279 3502 Nuu-

78 3527 136 3604 liun
157 3536 379 3630 apostolieum
405 3541 595 3614 Bruxellen.
622 3540 857 3631 designandis,
887 3559 1010 3635 nempe
1042 3542 1174 3615 illorum
1199 3539 1280 3614 dicti

80 3639 190 3732 θιιιιιιιε,
206 3659 239 3726 et
256 3653 505 3726 Ριοιιιιοιιιιιιιιι
522 3653 909 3745 GermanoBelgirarum
929 3655 1278 3744 conventumque

80 3768 134 3826 ltu
153 3760 208 3835 ΡΡ.
233 3766 449 3840 lllssiouibus
475 3771 508 3839 et
533 3767 604 3839 aliis
629 3767 760 3858 pletatis
785 3785 826 3840 ao
849 3768 1100 3843 misericordiae
1119 3766 1280 3860 operibus

81 3875 207 3960 umpau
232 3877 437 3968 qubusdam
463 3877 583 3952 diebus
609 3877 827 3952 determinato
851 3881 1029 3956 Missurum
1054 3897 1196 3954 numero
1226 3897 1280 3954 sa·

81 3973 199 4060 hierarc
225 3995 412 4082 nequeunt,
448 4008 507 4082 pro
539 3989 671 4063 duabus
703 3989 807 4064 Feriis
839 3992 1017 4084 cujuslibet
1048 3990 1281 4066 hebdomadae

84 4085 182 4182 thaone
203 4102 420 4193 expressione
445 4103 576 4176 numeri
601 4103 778 4176 blissarum
804 4105 903 4178 eham
929 4104 964 4176 iu
996 4111 1199 4196 perpetuum
1224 4122 1282 4178 ex·

84 4199 253 4286 mondum
277 4231 355 4288 esse
380 4217 520 4289 censuit.
546 4215 596 4288 De
621 4214 744 4306 qtdbus
769 4215 854 4288 lacta
878 4233 939 4308 per
960 4215 1141 4288 beonnam
1167 4215 1281 4290 Secre·

85 4313 175 4394 ltn'uua
196 4323 248 4400 die
274 4332 318 4400 ta
344 4327 468 4421 Aprilis
493 4326 646 4421 ejusdem
671 4329 750 4405 anni
782 4327 1000 4408 sanctissimo
1030 4327 1175 4408 Domino
1198 4315 1281 4404 rela-
