<?xml version="1.0" encoding="UTF-8"?>
<!DOCTYPE html PUBLIC "-//W3C//DTD XHTML 1.0 Transitional//EN"
    "http://www.w3.org/TR/xhtml1/DTD/xhtml1-transitional.dtd">
<html xmlns="http://www.w3.org/1999/xhtml" xml:lang="en" lang="en">
 <head>
  <title>
</title>
<meta http-equiv="Content-Type" content="text/html;charset=utf-8" />
  <meta name='ocr-system' content='tesseract 3.04.00' />
  <meta name='ocr-capabilities' content='ocr_page ocr_carea ocr_par ocr_line ocrx_word'/>
</head>
<body>
  <div class='ocr_page' id='page_1' title='image "./resolutionesseu00pringoog_0080.png"; bbox 0 0 3214 4928; ppageno 0'>
   <div class='ocr_carea' id='block_1_1' title="bbox 560 399 753 468">
    <p class='ocr_par' dir='ltr' id='par_1_1' title="bbox 560 399 753 468">
     <span class='ocr_line' id='line_1_1' title="bbox 560 399 753 468; baseline 0 -18"><span class='ocrx_word' id='word_1_1' title='bbox 560 399 753 468; x_wconf 75' lang='grc'>..67-</span> 
     </span>
    </p>
   </div>
   <div class='ocr_carea' id='block_1_2' title="bbox 96 529 1277 966">
    <p class='ocr_par' dir='ltr' id='par_1_2' title="bbox 96 529 1277 966">
     <span class='ocr_line' id='line_1_2' title="bbox 96 529 1277 658; baseline -0.004 -54"><span class='ocrx_word' id='word_1_2' title='bbox 96 531 138 604; x_wconf 85' lang='lat' dir='ltr'>nl</span> <span class='ocrx_word' id='word_1_3' title='bbox 156 529 201 658; x_wconf 82' lang='lat' dir='ltr'>lie</span> <span class='ocrx_word' id='word_1_4' title='bbox 224 537 265 604; x_wconf 74' lang='lat' dir='ltr'>Et</span> <span class='ocrx_word' id='word_1_5' title='bbox 290 533 437 630; x_wconf 69' lang='lat' dir='ltr'>eltrudem</span> <span class='ocrx_word' id='word_1_6' title='bbox 463 537 591 612; x_wconf 83' lang='lat' dir='ltr'><strong>mensis</strong></span> <span class='ocrx_word' id='word_1_7' title='bbox 617 541 650 612; x_wconf 91' lang='lat' dir='ltr'>el</span> <span class='ocrx_word' id='word_1_8' title='bbox 676 537 764 620; x_wconf 79' lang='lat' dir='ltr'>aurii,</span> <span class='ocrx_word' id='word_1_9' title='bbox 779 534 942 610; x_wconf 88' lang='lat' dir='ltr'>Sanctitas</span> <span class='ocrx_word' id='word_1_10' title='bbox 958 535 1025 606; x_wconf 86' lang='lat' dir='ltr'>Sua</span> <span class='ocrx_word' id='word_1_11' title='bbox 1051 532 1195 622; x_wconf 74' lang='lat' dir='ltr'>berripne</span> <span class='ocrx_word' id='word_1_12' title='bbox 1221 551 1277 626; x_wconf 54' lang='lat' dir='ltr'>epe</span> 
     </span>
     <span class='ocr_line' id='line_1_3' title="bbox 96 644 1251 846; baseline -0.003 -12"><span class='ocrx_word' id='word_1_13' title='bbox 96 644 214 732; x_wconf 53' lang='lat' dir='ltr'>mm</span> <span class='ocrx_word' id='word_1_14' title='bbox 522 761 558 835; x_wconf 91' lang='lat' dir='ltr'>L.</span> <span class='ocrx_word' id='word_1_15' title='bbox 585 761 763 834; x_wconf 86' lang='lat' dir='ltr'>Errsoorus</span> <span class='ocrx_word' id='word_1_16' title='bbox 789 760 892 834; x_wconf 80' lang='lat' dir='ltr'>Canu.</span> <span class='ocrx_word' id='word_1_17' title='bbox 920 761 1015 837; x_wconf 82' lang='lat' dir='ltr'>Prous</span> <span class='ocrx_word' id='word_1_18' title='bbox 1040 759 1251 846; x_wconf 75' lang='lat' dir='ltr'>Incursurus</span> 
     </span>
     <span class='ocr_line' id='line_1_4' title="bbox 594 872 1188 966; baseline -0.002 -22"><span class='ocrx_word' id='word_1_19' title='bbox 594 874 623 944; x_wconf 81' lang='lat' dir='ltr'>l.</span> <span class='ocrx_word' id='word_1_20' title='bbox 651 873 931 966; x_wconf 79' lang='lat' dir='ltr'>Archieplscopus</span> <span class='ocrx_word' id='word_1_21' title='bbox 961 872 1041 964; x_wconf 73' lang='lat' dir='ltr'>Tyri</span> <span class='ocrx_word' id='word_1_22' title='bbox 1066 873 1188 944; x_wconf 83' lang='lat' dir='ltr'>secret.</span> 
     </span>
    </p>
   </div>
   <div class='ocr_carea' id='block_1_3' title="bbox 594 1070 722 1144">
    <p class='ocr_par' dir='ltr' id='par_1_3' title="bbox 594 1070 722 1144">
     <span class='ocr_line' id='line_1_5' title="bbox 594 1070 722 1144; baseline 0 0"><span class='ocrx_word' id='word_1_23' title='bbox 594 1070 722 1144; x_wconf 85' lang='lat' dir='ltr'>XCVII.</span> 
     </span>
    </p>
   </div>
   <div class='ocr_carea' id='block_1_4' title="bbox 558 1216 758 1280">
    <p class='ocr_par' dir='ltr' id='par_1_4' title="bbox 558 1216 758 1280">
     <span class='ocr_line' id='line_1_6' title="bbox 558 1216 758 1280; baseline 0 -10"><span class='ocrx_word' id='word_1_24' title='bbox 558 1216 758 1280; x_wconf 79' lang='lat' dir='ltr'>lsslslull.</span> 
     </span>
    </p>
   </div>
   <div class='ocr_carea' id='block_1_5' title="bbox 92 1315 1280 3444">
    <p class='ocr_par' dir='ltr' id='par_1_5' title="bbox 92 1315 1280 3214">
     <span class='ocr_line' id='line_1_7' title="bbox 137 1315 1279 1415; baseline 0.004 -27"><span class='ocrx_word' id='word_1_25' title='bbox 137 1315 197 1388; x_wconf 85' lang='lat' dir='ltr'>Suc.</span> <span class='ocrx_word' id='word_1_26' title='bbox 219 1317 435 1412; x_wconf 73' lang='lat' dir='ltr'>congregatio</span> <span class='ocrx_word' id='word_1_27' title='bbox 460 1321 679 1415; x_wconf 81' lang='lat' dir='ltr'>indulgentiis</span> <span class='ocrx_word' id='word_1_28' title='bbox 705 1331 738 1398; x_wconf 92' lang='lat' dir='ltr'>et</span> <span class='ocrx_word' id='word_1_29' title='bbox 763 1323 872 1396; x_wconf 89' lang='lat' dir='ltr'>Sacris</span> <span class='ocrx_word' id='word_1_30' title='bbox 898 1321 1059 1414; x_wconf 79' lang='lat' dir='ltr'>lleliquiis</span> <span class='ocrx_word' id='word_1_31' title='bbox 1088 1318 1279 1413; x_wconf 81' lang='lat' dir='ltr'>praeposita</span> 
     </span>
     <span class='ocr_line' id='line_1_8' title="bbox 92 1424 1279 1527; baseline 0.007 -29"><span class='ocrx_word' id='word_1_32' title='bbox 92 1424 131 1498; x_wconf 84' lang='lat' dir='ltr'>nl</span> <span class='ocrx_word' id='word_1_33' title='bbox 149 1427 194 1502; x_wconf 88' lang='lat' dir='ltr'>tlie</span> <span class='ocrx_word' id='word_1_34' title='bbox 218 1435 260 1504; x_wconf 83' lang='lat' dir='ltr'>lli</span> <span class='ocrx_word' id='word_1_35' title='bbox 286 1431 457 1508; x_wconf 80' lang='lat' dir='ltr'>Februarii</span> <span class='ocrx_word' id='word_1_36' title='bbox 486 1440 579 1514; x_wconf 77' lang='lat' dir='ltr'>illiti</span> <span class='ocrx_word' id='word_1_37' title='bbox 606 1435 796 1520; x_wconf 83' lang='lat' dir='ltr'>declaravit,</span> <span class='ocrx_word' id='word_1_38' title='bbox 822 1435 1067 1527; x_wconf 79' lang='lat' dir='ltr'>indulgentiam</span> <span class='ocrx_word' id='word_1_39' title='bbox 1085 1431 1279 1508; x_wconf 89' lang='lat' dir='ltr'>Pcrtiuncu·</span> 
     </span>
     <span class='ocr_line' id='line_1_9' title="bbox 92 1535 1278 1641; baseline 0.001 -25"><span class='ocrx_word' id='word_1_40' title='bbox 92 1535 200 1616; x_wconf 76' lang='lat' dir='ltr'>tuem</span> <span class='ocrx_word' id='word_1_41' title='bbox 222 1546 370 1638; x_wconf 80' lang='lat' dir='ltr'>praedm</span> <span class='ocrx_word' id='word_1_42' title='bbox 395 1545 531 1626; x_wconf 82' lang='lat' dir='ltr'>affixam</span> <span class='ocrx_word' id='word_1_43' title='bbox 564 1547 632 1624; x_wconf 90' lang='lat' dir='ltr'>diei</span> <span class='ocrx_word' id='word_1_44' title='bbox 657 1555 679 1620; x_wconf 75' lang='lat' dir='ltr'>E</span> <span class='ocrx_word' id='word_1_45' title='bbox 713 1549 877 1641; x_wconf 78' lang='lat' dir='ltr'><strong>Augusti,</strong></span> <span class='ocrx_word' id='word_1_46' title='bbox 911 1566 1054 1639; x_wconf 83' lang='lat' dir='ltr'>eamque</span> <span class='ocrx_word' id='word_1_47' title='bbox 1087 1546 1233 1638; x_wconf 86' lang='lat' dir='ltr'>incipere</span> <span class='ocrx_word' id='word_1_48' title='bbox 1258 1563 1278 1616; x_wconf 94' lang='lat' dir='ltr'>a</span> 
     </span>
     <span class='ocr_line' id='line_1_10' title="bbox 93 1651 1280 1754; baseline -0.008 -16"><span class='ocrx_word' id='word_1_49' title='bbox 93 1651 170 1738; x_wconf 77' lang='lat' dir='ltr'>mnu</span> <span class='ocrx_word' id='word_1_50' title='bbox 190 1655 343 1752; x_wconf 71' lang='lat' dir='ltr'>lepre</span> <span class='ocrx_word' id='word_1_51' title='bbox 368 1679 479 1754; x_wconf 84' lang='lat' dir='ltr'>usque</span> <span class='ocrx_word' id='word_1_52' title='bbox 504 1661 547 1734; x_wconf 90' lang='lat' dir='ltr'>ad</span> <span class='ocrx_word' id='word_1_53' title='bbox 571 1679 728 1738; x_wconf 89' lang='lat' dir='ltr'>occasum</span> <span class='ocrx_word' id='word_1_54' title='bbox 759 1662 840 1734; x_wconf 88' lang='lat' dir='ltr'>solis</span> <span class='ocrx_word' id='word_1_55' title='bbox 874 1659 1025 1753; x_wconf 82' lang='lat' dir='ltr'>ejusdem</span> <span class='ocrx_word' id='word_1_56' title='bbox 1059 1658 1135 1732; x_wconf 90' lang='lat' dir='ltr'>diel.</span> <span class='ocrx_word' id='word_1_57' title='bbox 1169 1657 1280 1730; x_wconf 92' lang='lat' dir='ltr'>ludul-</span> 
     </span>
     <span class='ocr_line' id='line_1_11' title="bbox 93 1766 1278 1866; baseline -0.003 -19"><span class='ocrx_word' id='word_1_58' title='bbox 93 1766 194 1847; x_wconf 77' lang='lat' dir='ltr'>illiem</span> <span class='ocrx_word' id='word_1_59' title='bbox 216 1789 294 1856; x_wconf 82' lang='lat' dir='ltr'>uero</span> <span class='ocrx_word' id='word_1_60' title='bbox 320 1773 547 1866; x_wconf 79' lang='lat' dir='ltr'>quotidianam</span> <span class='ocrx_word' id='word_1_61' title='bbox 581 1793 776 1848; x_wconf 79' lang='lat' dir='ltr'><strong>concessam</strong></span> <span class='ocrx_word' id='word_1_62' title='bbox 809 1776 888 1846; x_wconf 86' lang='lat' dir='ltr'>aS.</span> <span class='ocrx_word' id='word_1_63' title='bbox 922 1775 966 1848; x_wconf 87' lang='lat' dir='ltr'>ll.</span> <span class='ocrx_word' id='word_1_64' title='bbox 1000 1773 1191 1846; x_wconf 87' lang='lat' dir='ltr'>Innocentio</span> <span class='ocrx_word' id='word_1_65' title='bbox 1216 1769 1278 1844; x_wconf 91' lang='lat' dir='ltr'>IIII</span> 
     </span>
     <span class='ocr_line' id='line_1_12' title="bbox 93 1873 1278 1979; baseline 0.01 -32"><span class='ocrx_word' id='word_1_66' title='bbox 93 1873 252 1956; x_wconf 71' lang='lat' dir='ltr'>tuentibus</span> <span class='ocrx_word' id='word_1_67' title='bbox 276 1885 459 1964; x_wconf 83' lang='lat' dir='ltr'>Ecclesiam</span> <span class='ocrx_word' id='word_1_68' title='bbox 486 1887 520 1960; x_wconf 90' lang='lat' dir='ltr'>S.</span> <span class='ocrx_word' id='word_1_69' title='bbox 547 1888 668 1964; x_wconf 83' lang='lat' dir='ltr'>Mariae</span> <span class='ocrx_word' id='word_1_70' title='bbox 693 1887 897 1979; x_wconf 79' lang='lat' dir='ltr'><strong>Angelorum</strong></span> <span class='ocrx_word' id='word_1_71' title='bbox 923 1906 992 1960; x_wconf 92' lang='lat' dir='ltr'>uon</span> <span class='ocrx_word' id='word_1_72' title='bbox 1022 1905 1098 1960; x_wconf 87' lang='lat' dir='ltr'><strong>csse</strong></span> <span class='ocrx_word' id='word_1_73' title='bbox 1122 1883 1278 1960; x_wconf 89' lang='lat' dir='ltr'>eamdem</span> 
     </span>
     <span class='ocr_line' id='line_1_13' title="bbox 94 1996 1278 2094; baseline 0.008 -32"><span class='ocrx_word' id='word_1_74' title='bbox 94 2005 143 2062; x_wconf 83' lang='lat' dir='ltr'>un</span> <span class='ocrx_word' id='word_1_75' title='bbox 162 1996 295 2084; x_wconf 87' lang='lat' dir='ltr'>praelata</span> <span class='ocrx_word' id='word_1_76' title='bbox 319 2000 564 2083; x_wconf 82' lang='lat' dir='ltr'>Portiunculae</span> <span class='ocrx_word' id='word_1_77' title='bbox 591 2007 624 2073; x_wconf 91' lang='lat' dir='ltr'>el</span> <span class='ocrx_word' id='word_1_78' title='bbox 649 2000 843 2094; x_wconf 90' lang='lat' dir='ltr'>ponendum</span> <span class='ocrx_word' id='word_1_79' title='bbox 870 2019 946 2074; x_wconf 87' lang='lat' dir='ltr'>esse</span> <span class='ocrx_word' id='word_1_80' title='bbox 971 1999 1115 2094; x_wconf 82' lang='lat' dir='ltr'>lapidem</span> <span class='ocrx_word' id='word_1_81' title='bbox 1132 1999 1175 2072; x_wconf 88' lang='lat' dir='ltr'>ad</span> <span class='ocrx_word' id='word_1_82' title='bbox 1191 1999 1278 2072; x_wconf 86' lang='lat' dir='ltr'>letus</span> 
     </span>
     <span class='ocr_line' id='line_1_14' title="bbox 95 2095 1280 2208; baseline 0.009 -34"><span class='ocrx_word' id='word_1_83' title='bbox 95 2095 173 2178; x_wconf 82' lang='lat' dir='ltr'>loma</span> <span class='ocrx_word' id='word_1_84' title='bbox 193 2107 354 2187; x_wconf 72' lang='lat' dir='ltr'>Ecclesiae</span> <span class='ocrx_word' id='word_1_85' title='bbox 379 2131 456 2187; x_wconf 90' lang='lat' dir='ltr'>cum</span> <span class='ocrx_word' id='word_1_86' title='bbox 482 2112 674 2205; x_wconf 84' lang='lat' dir='ltr'>hujusmodi</span> <span class='ocrx_word' id='word_1_87' title='bbox 701 2114 925 2208; x_wconf 84' lang='lat' dir='ltr'>insculptione.</span> <span class='ocrx_word' id='word_1_88' title='bbox 953 2115 1094 2207; x_wconf 87' lang='lat' dir='ltr'>Insuper</span> <span class='ocrx_word' id='word_1_89' title='bbox 1111 2131 1154 2187; x_wconf 85' lang='lat' dir='ltr'>ex</span> <span class='ocrx_word' id='word_1_90' title='bbox 1168 2113 1280 2186; x_wconf 85' lang='lat' dir='ltr'>carreis</span> 
     </span>
     <span class='ocr_line' id='line_1_15' title="bbox 95 2213 1280 2318; baseline 0.004 -26"><span class='ocrx_word' id='word_1_91' title='bbox 95 2213 149 2286; x_wconf 67' lang='lat' dir='ltr'>liii</span> <span class='ocrx_word' id='word_1_92' title='bbox 169 2218 232 2294; x_wconf 85' lang='lat' dir='ltr'>Sec.</span> <span class='ocrx_word' id='word_1_93' title='bbox 257 2222 512 2318; x_wconf 79' lang='lat' dir='ltr'>congregationi</span> <span class='ocrx_word' id='word_1_94' title='bbox 539 2227 668 2299; x_wconf 88' lang='lat' dir='ltr'>censuit</span> <span class='ocrx_word' id='word_1_95' title='bbox 692 2225 919 2318; x_wconf 82' lang='lat' dir='ltr'>prohibendus</span> <span class='ocrx_word' id='word_1_96' title='bbox 944 2243 1020 2300; x_wconf 89' lang='lat' dir='ltr'><strong>esse</strong></span> <span class='ocrx_word' id='word_1_97' title='bbox 1045 2241 1280 2318; x_wconf 82' lang='lat' dir='ltr'>quaecumque</span> 
     </span>
     <span class='ocr_line' id='line_1_16' title="bbox 97 2329 1280 2432; baseline 0.004 -28"><span class='ocrx_word' id='word_1_98' title='bbox 97 2329 272 2408; x_wconf 68' lang='lat' dir='ltr'>illudimus</span> <span class='ocrx_word' id='word_1_99' title='bbox 301 2355 380 2420; x_wconf 91' lang='lat' dir='ltr'><strong>seu,</strong></span> <span class='ocrx_word' id='word_1_100' title='bbox 408 2345 445 2411; x_wconf 92' lang='lat' dir='ltr'>ut</span> <span class='ocrx_word' id='word_1_101' title='bbox 471 2340 578 2429; x_wconf 83' lang='lat' dir='ltr'>ajunt,</span> <span class='ocrx_word' id='word_1_102' title='bbox 604 2337 782 2412; x_wconf 76' lang='lat' dir='ltr'>schedulas</span> <span class='ocrx_word' id='word_1_103' title='bbox 807 2339 921 2412; x_wconf 91' lang='lat' dir='ltr'>solitas</span> <span class='ocrx_word' id='word_1_104' title='bbox 946 2339 1133 2432; x_wconf 88' lang='lat' dir='ltr'>dispensari</span> <span class='ocrx_word' id='word_1_105' title='bbox 1158 2337 1280 2411; x_wconf 84' lang='lat' dir='ltr'>Eldeli·</span> 
     </span>
     <span class='ocr_line' id='line_1_17' title="bbox 96 2429 1279 2546; baseline 0.002 -26"><span class='ocrx_word' id='word_1_106' title='bbox 96 2429 136 2506; x_wconf 69' lang='lat' dir='ltr'>lli</span> <span class='ocrx_word' id='word_1_107' title='bbox 153 2459 168 2512; x_wconf 79' lang='lat' dir='ltr'>t</span> <span class='ocrx_word' id='word_1_108' title='bbox 188 2443 354 2540; x_wconf 76' lang='lat' dir='ltr'>Euligmsis</span> <span class='ocrx_word' id='word_1_109' title='bbox 377 2450 444 2533; x_wconf 88' lang='lat' dir='ltr'>sub</span> <span class='ocrx_word' id='word_1_110' title='bbox 469 2469 578 2543; x_wconf 87' lang='lat' dir='ltr'>poena</span> <span class='ocrx_word' id='word_1_111' title='bbox 596 2451 957 2525; x_wconf 84' lang='lat' dir='ltr'>Excommuuicatiouis</span> <span class='ocrx_word' id='word_1_112' title='bbox 973 2452 1048 2546; x_wconf 91' lang='lat' dir='ltr'>ipso</span> <span class='ocrx_word' id='word_1_113' title='bbox 1065 2451 1151 2524; x_wconf 90' lang='lat' dir='ltr'>lacto</span> <span class='ocrx_word' id='word_1_114' title='bbox 1167 2451 1279 2522; x_wconf 86' lang='lat' dir='ltr'>incur·</span> 
     </span>
     <span class='ocr_line' id='line_1_18' title="bbox 97 2549 1280 2664; baseline 0.002 -32"><span class='ocrx_word' id='word_1_115' title='bbox 97 2549 189 2664; x_wconf 64' lang='lat' dir='ltr'>imile,</span> <span class='ocrx_word' id='word_1_116' title='bbox 211 2558 251 2632; x_wconf 91' lang='lat' dir='ltr'>de</span> <span class='ocrx_word' id='word_1_117' title='bbox 274 2562 399 2654; x_wconf 77' lang='lat' dir='ltr'>uotum</span> <span class='ocrx_word' id='word_1_118' title='bbox 424 2563 583 2638; x_wconf 87' lang='lat' dir='ltr'>omnibus</span> <span class='ocrx_word' id='word_1_119' title='bbox 608 2565 783 2636; x_wconf 78' lang='lat' dir='ltr'>certiorem</span> <span class='ocrx_word' id='word_1_120' title='bbox 800 2564 873 2637; x_wconf 85' lang='lat' dir='ltr'>fieri</span> <span class='ocrx_word' id='word_1_121' title='bbox 890 2565 993 2638; x_wconf 82' lang='lat' dir='ltr'>voluit</span> <span class='ocrx_word' id='word_1_122' title='bbox 1008 2563 1224 2658; x_wconf 83' lang='lat' dir='ltr'>Episcopum,</span> <span class='ocrx_word' id='word_1_123' title='bbox 1241 2566 1280 2634; x_wconf 86' lang='lat' dir='ltr'>ui</span> 
     </span>
     <span class='ocr_line' id='line_1_19' title="bbox 98 2663 1279 2762; baseline 0.006 -23"><span class='ocrx_word' id='word_1_124' title='bbox 98 2663 199 2754; x_wconf 75' lang='lat' dir='ltr'>niolo</span> <span class='ocrx_word' id='word_1_125' title='bbox 219 2691 278 2762; x_wconf 94' lang='lat' dir='ltr'>pro</span> <span class='ocrx_word' id='word_1_126' title='bbox 294 2675 505 2759; x_wconf 84' lang='lat' dir='ltr'>executione,</span> <span class='ocrx_word' id='word_1_127' title='bbox 525 2682 557 2747; x_wconf 90' lang='lat' dir='ltr'>et</span> <span class='ocrx_word' id='word_1_128' title='bbox 574 2675 616 2748; x_wconf 92' lang='lat' dir='ltr'>ad</span> <span class='ocrx_word' id='word_1_129' title='bbox 633 2676 941 2752; x_wconf 88' lang='lat' dir='ltr'>Eminentissimum</span> <span class='ocrx_word' id='word_1_130' title='bbox 959 2677 1168 2751; x_wconf 80' lang='lat' dir='ltr'>cardinalem</span> <span class='ocrx_word' id='word_1_131' title='bbox 1182 2675 1279 2747; x_wconf 88' lang='lat' dir='ltr'>Prae·</span> 
     </span>
     <span class='ocr_line' id='line_1_20' title="bbox 99 2769 1278 2890; baseline 0.007 -38"><span class='ocrx_word' id='word_1_132' title='bbox 99 2769 181 2890; x_wconf 62' lang='lat' dir='ltr'>itinn</span> <span class='ocrx_word' id='word_1_133' title='bbox 201 2800 272 2858; x_wconf 89' lang='lat' dir='ltr'>cum</span> <span class='ocrx_word' id='word_1_134' title='bbox 297 2786 537 2860; x_wconf 83' lang='lat' dir='ltr'>commissario</span> <span class='ocrx_word' id='word_1_135' title='bbox 562 2787 714 2861; x_wconf 85' lang='lat' dir='ltr'>Generali</span> <span class='ocrx_word' id='word_1_136' title='bbox 735 2789 777 2861; x_wconf 89' lang='lat' dir='ltr'>ad</span> <span class='ocrx_word' id='word_1_137' title='bbox 796 2797 955 2863; x_wconf 90' lang='lat' dir='ltr'>mentem.</span> <span class='ocrx_word' id='word_1_138' title='bbox 981 2790 1023 2862; x_wconf 89' lang='lat' dir='ltr'>Et</span> <span class='ocrx_word' id='word_1_139' title='bbox 1047 2789 1131 2861; x_wconf 88' lang='lat' dir='ltr'>iacta</span> <span class='ocrx_word' id='word_1_140' title='bbox 1144 2807 1206 2881; x_wconf 91' lang='lat' dir='ltr'>per</span> <span class='ocrx_word' id='word_1_141' title='bbox 1221 2803 1278 2860; x_wconf 91' lang='lat' dir='ltr'>me</span> 
     </span>
     <span class='ocr_line' id='line_1_21' title="bbox 101 2883 1278 2994; baseline 0.003 -26"><span class='ocrx_word' id='word_1_142' title='bbox 101 2883 292 2986; x_wconf 72' lang='lat' dir='ltr'>litsmplum</span> <span class='ocrx_word' id='word_1_143' title='bbox 330 2899 554 2972; x_wconf 82' lang='lat' dir='ltr'>secretarium</span> <span class='ocrx_word' id='word_1_144' title='bbox 586 2899 628 2972; x_wconf 93' lang='lat' dir='ltr'>de</span> <span class='ocrx_word' id='word_1_145' title='bbox 662 2901 838 2994; x_wconf 90' lang='lat' dir='ltr'>praedictis</span> <span class='ocrx_word' id='word_1_146' title='bbox 871 2902 1028 2975; x_wconf 89' lang='lat' dir='ltr'>omnibus</span> <span class='ocrx_word' id='word_1_147' title='bbox 1061 2901 1278 2973; x_wconf 80' lang='lat' dir='ltr'>sanctissimo</span> 
     </span>
     <span class='ocr_line' id='line_1_22' title="bbox 101 2989 1277 3107; baseline 0.01 -34"><span class='ocrx_word' id='word_1_148' title='bbox 101 2989 197 3075; x_wconf 70' lang='lat' dir='ltr'>moino</span> <span class='ocrx_word' id='word_1_149' title='bbox 217 3007 333 3082; x_wconf 89' lang='lat' dir='ltr'>Nostro</span> <span class='ocrx_word' id='word_1_150' title='bbox 365 3012 526 3084; x_wconf 86' lang='lat' dir='ltr'>relatione</span> <span class='ocrx_word' id='word_1_151' title='bbox 551 3013 614 3084; x_wconf 87' lang='lat' dir='ltr'>sub</span> <span class='ocrx_word' id='word_1_152' title='bbox 640 3012 693 3086; x_wconf 90' lang='lat' dir='ltr'>die</span> <span class='ocrx_word' id='word_1_153' title='bbox 720 3019 765 3084; x_wconf 76' lang='lat'>25</span> <span class='ocrx_word' id='word_1_154' title='bbox 799 3015 950 3107; x_wconf 85' lang='lat' dir='ltr'>ejusdem</span> <span class='ocrx_word' id='word_1_155' title='bbox 976 3014 1104 3086; x_wconf 90' lang='lat' dir='ltr'>mensis</span> <span class='ocrx_word' id='word_1_156' title='bbox 1130 3018 1163 3086; x_wconf 87' lang='lat' dir='ltr'>et</span> <span class='ocrx_word' id='word_1_157' title='bbox 1189 3012 1277 3095; x_wconf 91' lang='lat' dir='ltr'>anni,</span> 
     </span>
     <span class='ocr_line' id='line_1_23' title="bbox 102 3101 804 3214; baseline 0.013 -26"><span class='ocrx_word' id='word_1_158' title='bbox 102 3101 199 3202; x_wconf 71' lang='lat' dir='ltr'>moigne</span> <span class='ocrx_word' id='word_1_159' title='bbox 219 3121 418 3214; x_wconf 82' lang='lat' dir='ltr'>approbarit.</span> <span class='ocrx_word' id='word_1_160' title='bbox 445 3123 568 3194; x_wconf 85' lang='lat' dir='ltr'>Datum</span> <span class='ocrx_word' id='word_1_161' title='bbox 592 3125 716 3198; x_wconf 84' lang='lat' dir='ltr'>Romae</span> <span class='ocrx_word' id='word_1_162' title='bbox 742 3132 804 3200; x_wconf 91' lang='lat' dir='ltr'>etc.</span> 
     </span>
    </p>

    <p class='ocr_par' dir='ltr' id='par_1_6' title="bbox 481 3235 1277 3444">
     <span class='ocr_line' id='line_1_24' title="bbox 481 3235 1277 3314; baseline 0.001 -8"><span class='ocrx_word' id='word_1_163' title='bbox 481 3235 714 3310; x_wconf 84' lang='lat' dir='ltr'>E.Ee1scorns</span> <span class='ocrx_word' id='word_1_164' title='bbox 733 3238 900 3311; x_wconf 81' lang='lat' dir='ltr'>Auernum.</span> <span class='ocrx_word' id='word_1_165' title='bbox 920 3237 1023 3310; x_wconf 83' lang='lat' dir='ltr'>Eunu.</span> <span class='ocrx_word' id='word_1_166' title='bbox 1042 3238 1138 3314; x_wconf 87' lang='lat' dir='ltr'>Prcus</span> <span class='ocrx_word' id='word_1_167' title='bbox 1155 3235 1277 3307; x_wconf 81' lang='lat' dir='ltr'>Pauus.</span> 
     </span>
     <span class='ocr_line' id='line_1_25' title="bbox 528 3346 1240 3444; baseline 0.001 -24"><span class='ocrx_word' id='word_1_168' title='bbox 528 3349 673 3423; x_wconf 86' lang='lat' dir='ltr'>Joouoes</span> <span class='ocrx_word' id='word_1_169' title='bbox 698 3349 978 3444; x_wconf 67' lang='lat' dir='ltr'>archiepiscopos</span> <span class='ocrx_word' id='word_1_170' title='bbox 1008 3351 1088 3442; x_wconf 77' lang='lat' dir='ltr'>I&#39;pri</span> <span class='ocrx_word' id='word_1_171' title='bbox 1113 3346 1240 3426; x_wconf 81' lang='lat' dir='ltr'>Serrei.</span> 
     </span>
    </p>
   </div>
   <div class='ocr_carea' id='block_1_6' title="bbox 559 3547 759 3750">
    <p class='ocr_par' dir='ltr' id='par_1_7' title="bbox 559 3547 759 3750">
     <span class='ocr_line' id='line_1_26' title="bbox 589 3547 730 3624; baseline 0.021 -6"><span class='ocrx_word' id='word_1_172' title='bbox 589 3547 730 3624; x_wconf 86' lang='lat' dir='ltr'>XCVIII.</span> 
     </span>
     <span class='ocr_line' id='line_1_27' title="bbox 559 3693 759 3750; baseline 0.025 -7"><span class='ocrx_word' id='word_1_173' title='bbox 559 3693 759 3750; x_wconf 80' lang='lat' dir='ltr'>renonum.</span> 
     </span>
    </p>
   </div>
   <div class='ocr_carea' id='block_1_7' title="bbox 73 3785 1283 4458">
    <p class='ocr_par' dir='ltr' id='par_1_8' title="bbox 109 3785 1281 4008">
     <span class='ocr_line' id='line_1_28' title="bbox 152 3785 1281 3884; baseline 0.011 -22"><span class='ocrx_word' id='word_1_174' title='bbox 152 3785 332 3870; x_wconf 81' lang='lat' dir='ltr'>iuratione</span> <span class='ocrx_word' id='word_1_175' title='bbox 357 3796 571 3884; x_wconf 78' lang='lat' dir='ltr'>subjectionis</span> <span class='ocrx_word' id='word_1_176' title='bbox 596 3801 796 3875; x_wconf 77' lang='lat' dir='ltr'>monosterii</span> <span class='ocrx_word' id='word_1_177' title='bbox 814 3801 1020 3878; x_wconf 82' lang='lat' dir='ltr'>Moaioliom</span> <span class='ocrx_word' id='word_1_178' title='bbox 1039 3799 1178 3875; x_wconf 82' lang='lat' dir='ltr'>Ordinis</span> <span class='ocrx_word' id='word_1_179' title='bbox 1197 3801 1281 3875; x_wconf 83' lang='lat' dir='ltr'>der·</span> 
     </span>
     <span class='ocr_line' id='line_1_29' title="bbox 109 3887 1281 4008; baseline 0.025 -54"><span class='ocrx_word' id='word_1_180' title='bbox 109 3887 247 3976; x_wconf 80' lang='lat' dir='ltr'>mittum</span> <span class='ocrx_word' id='word_1_181' title='bbox 269 3909 556 3982; x_wconf 84' lang='lat' dir='ltr'>Eurolceutorum</span> <span class='ocrx_word' id='word_1_182' title='bbox 581 3920 751 4005; x_wconf 86' lang='lat' dir='ltr'>competat</span> <span class='ocrx_word' id='word_1_183' title='bbox 768 3915 935 4008; x_wconf 79' lang='lat' dir='ltr'>Episcopo</span> <span class='ocrx_word' id='word_1_184' title='bbox 958 3915 1112 3988; x_wconf 77' lang='lat' dir='ltr'>Tmolon:</span> <span class='ocrx_word' id='word_1_185' title='bbox 1129 3915 1281 4008; x_wconf 74' lang='lat' dir='ltr'>socollm</span> 
     </span>
    </p>

    <p class='ocr_par' dir='ltr' id='par_1_9' title="bbox 73 3991 1283 4458">
     <span class='ocr_line' id='line_1_30' title="bbox 73 3991 1279 4204; baseline 0.005 -112"><span class='ocrx_word' id='word_1_186' title='bbox 73 4117 75 4146; x_wconf 17' lang='grc' dir='ltr'>ἶ</span> <span class='ocrx_word' id='word_1_187' title='bbox 111 3991 266 4204; x_wconf 54' lang='lat' dir='ltr'><strong>m</strong></span> <span class='ocrx_word' id='word_1_188' title='bbox 287 4041 415 4114; x_wconf 83' lang='lat' dir='ltr'>porcos</span> <span class='ocrx_word' id='word_1_189' title='bbox 441 4019 576 4096; x_wconf 87' lang='lat' dir='ltr'>llobitus</span> <span class='ocrx_word' id='word_1_190' title='bbox 602 4025 750 4114; x_wconf 79' lang='lat' dir='ltr'>ejusdem</span> <span class='ocrx_word' id='word_1_191' title='bbox 777 4026 915 4100; x_wconf 85' lang='lat' dir='ltr'>Ordinis</span> <span class='ocrx_word' id='word_1_192' title='bbox 948 4047 1026 4100; x_wconf 81' lang='lat' dir='ltr'>carm</span> <span class='ocrx_word' id='word_1_193' title='bbox 1052 4028 1197 4101; x_wconf 81' lang='lat' dir='ltr'>oooemis</span> <span class='ocrx_word' id='word_1_194' title='bbox 1223 4027 1279 4098; x_wconf 87' lang='lat' dir='ltr'>lu·</span> 
     </span>
     <span class='ocr_line' id='line_1_31' title="bbox 74 4179 1281 4345; baseline 0.001 -24"><span class='ocrx_word' id='word_1_195' title='bbox 74 4179 77 4321; x_wconf 52' lang='grc'><strong>)</strong></span> <span class='ocrx_word' id='word_1_196' title='bbox 157 4227 211 4308; x_wconf 71' lang='lat' dir='ltr'>Si⁶·</span> <span class='ocrx_word' id='word_1_197' title='bbox 230 4241 441 4339; x_wconf 76' lang='lat' dir='ltr'>Emgregatio</span> <span class='ocrx_word' id='word_1_198' title='bbox 466 4246 529 4322; x_wconf 93' lang='lat' dir='ltr'>diei</span> <span class='ocrx_word' id='word_1_199' title='bbox 555 4249 671 4324; x_wconf 74' lang='lat' dir='ltr'>Elicii</span> <span class='ocrx_word' id='word_1_200' title='bbox 693 4255 784 4324; x_wconf 81' lang='lat' dir='ltr'>tltili</span> <span class='ocrx_word' id='word_1_201' title='bbox 801 4249 975 4343; x_wconf 89' lang='lat' dir='ltr'>respondit</span> <span class='ocrx_word' id='word_1_202' title='bbox 1000 4253 1099 4327; x_wconf 79' lang='lat' dir='ltr'>«Nou</span> <span class='ocrx_word' id='word_1_203' title='bbox 1117 4257 1281 4345; x_wconf 89' lang='lat' dir='ltr'>spectare,</span> 
     </span>
     <span class='ocr_line' id='line_1_32' title="bbox 117 4343 1283 4458; baseline 0 -25"><span class='ocrx_word' id='word_1_204' title='bbox 117 4343 155 4404; x_wconf 54' lang='grc' dir='ltr'><strong>Μ</strong></span> <span class='ocrx_word' id='word_1_205' title='bbox 169 4357 305 4434; x_wconf 65' lang='lat' dir='ltr'>ammosa</span> <span class='ocrx_word' id='word_1_206' title='bbox 330 4359 375 4433; x_wconf 89' lang='lat' dir='ltr'>ad</span> <span class='ocrx_word' id='word_1_207' title='bbox 399 4359 601 4457; x_wconf 79' lang='lat' dir='ltr'>Episcopum</span> <span class='ocrx_word' id='word_1_208' title='bbox 628 4363 815 4436; x_wconf 87' lang='lat' dir='ltr'>lacultatam</span> <span class='ocrx_word' id='word_1_209' title='bbox 834 4363 1060 4438; x_wconf 86' lang='lat' dir='ltr'>benedicendi</span> <span class='ocrx_word' id='word_1_210' title='bbox 1079 4363 1283 4458; x_wconf 79' lang='lat' dir='ltr'>scapularia,</span> 
     </span>
    </p>
   </div>
   <div class='ocr_carea' id='block_1_8' title="bbox 0 0 1630 4928">
    <p class='ocr_par' dir='ltr' id='par_1_10' title="bbox 0 0 1630 4928">
     <span class='ocr_line' id='line_1_33' title="bbox 0 0 1630 4928; baseline 0 0"><span class='ocrx_word' id='word_1_211' title='bbox 0 0 1630 4928; x_wconf 95' lang='lat' dir='ltr'> </span> 
     </span>
    </p>
   </div>
  </div>
 </body>
</html>
