3182 4922
603 387 819 454 -533-

157 518 278 593 Datum
304 517 430 590 Romae
448 530 491 591 ox
509 519 691 594 Secrelaria
708 521 869 613 Eiusdem
887 522 960 594 Sao.
979 520 1252 613 congregationis
1268 524 1321 595 ln-

87 627 271 722 dulgentia,
297 629 477 722 sacrisque
502 630 662 724 Reiiqoiis
688 634 897 727 praepositae
922 633 976 708 die
1005 637 1050 705 75
1077 634 1182 707 Martii
1216 638 1321 706 7852.

629 737 630 742 ‘
745 747 781 819 F.
810 747 912 820 Cano.
939 745 1113 829 Asommus
1138 748 1260 821 Panno.

820 859 860 932 Α.
890 857 1050 933 Columbo
1076 859 1198 932 Secret.

610 1053 785 1130 dcxxvi.

593 1238 818 1298 BRIOCEN.

152 1411 341 1504 Episcopus
365 1411 556 1485 liniacensis
576 1414 742 1506 proponit
767 1413 867 1486 casus
892 1413 1139 1507 infrascriptos.

154 1521 204 1594 t.⁰
230 1522 450 1616 ludulpentia
476 1513 633 1598 concessa
649 1545 729 1619 pro
756 1525 873 1616 aliquo
899 1526 983 1619 festo
1010 1533 1158 1600 cessalne
1183 1548 1260 1601 cum
1277 1532 1318 1602 il·

80 1632 139 1704 lnrl
163 1631 299 1729 festum
313 1638 542 1732 transfertur?

150 1745 203 1818 2⁰
231 1747 398 1821 Sacerdos
424 1750 484 1840 qui
510 1745 612 1821 babet
636 1748 837 1842 facultatem
864 1750 1066 1844 applicandi
1090 1757 1225 1825 tontum
1243 1756 1320 1847 pri·

78 1858 185 1930 nolim
211 1859 448 1951 indalpantios
460 1861 530 1952 piis
545 1861 645 1933 rebus
667 1868 820 1952 potestne
836 1864 872 1934 in
888 1864 955 1956 fruc
981 1863 1080 1956 officii
1102 1863 1234 1956 publici
1256 1887 1319 1961 op·

73 1970 208 2060 plicare
233 1969 469 2062 ludulpentius
495 1970 617 2044 iisdem
634 1972 733 2045 rebus
750 1972 912 2065 depositis
937 1991 1039 2067 super
1063 1976 1181 2068 aliquo
1207 1977 1322 2050 Allari

78 2079 171 2169 quod
197 2080 419 2173 desipnooitt

147 2191 200 2264 3.⁰
226 2193 446 2286 ludulpentio
472 2212 629 2268 concesso
651 2213 717 2286 pro
751 2195 834 2287 festo
863 2198 896 2268 S.
924 2197 1059 2270 Mariae
1085 2195 1320 2288 Mupdalena'e

76 2303 145 2392 (de
172 2307 323 2394 Poaais)
348 2311 437 2379 estne
463 2306 634 2379 lamando
660 2307 715 2378 alie
741 2311 786 2376 25
813 2309 867 2379 uel
892 2312 937 2378 27
965 2310 1087 2381 mensis
1116 2311 1233 2384 Maii?
1255 2312 1320 2400 (in

76 2416 230 2489 iiioeaeu
245 2417 429 2491 'briocensi
453 2417 542 2491 illud
566 2418 687 2512 fastum
713 2416 768 2489 die
794 2421 840 2488 27
867 2419 954 2492 Maii
980 2420 1204 2510 celebratur).

149 2527 202 2600 t.⁰
229 2529 267 2601 Si
294 2527 526 2623 Clristifldelis
551 2533 672 2624 culpae
701 2535 814 2603 certae
844 2531 1023 2605 immernor
1057 2537 1106 2605 est
1131 2551 1174 2604 eu
1197 2532 1322 2606 altimo

74 2640 300 2722 obsolmiona
329 2646 503 2714 teneturne
530 2641 579 2715 ud
604 2642 856 2716 absolutionem
881 2642 1115 2735 recipiendam
1136 2649 1176 2718 ut
1193 2645 1324 2717 lucrari

72 2753 181 2844 possit
211 2751 449 2846 lodulpentios
469 2771 537 2847 pro
564 2753 685 2845 quibus
719 2754 881 2848 confessio
917 2755 1188 2830 sacramentalis
1215 2775 1322 2850 prae·

75 2864 268 2938 scribitur?

148 2991 253 3062 Sacra
266 2989 486 3082 congregatio
503 2990 570 3064 diei
591 2995 636 3064 ib
654 2992 825 3066 Februarii
845 2993 940 3064 7852
960 2993 1134 3085 respondit
1158 2992 1239 3065 «Ad
1256 2995 1323 3085 pri·

74 3121 195 3176 mom·
222 3095 487 3195 supplicandum
501 3105 724 3176 sanctissimo
741 3123 803 3198 pro
820 3103 967 3196 generali
984 3104 1202 3178 concessione
1218 3112 1325 3177 trans
1446 3167 1447 3173 r

75 3213 208 3286 lationis
233 3205 517 3307 indulgentiarum
543 3231 620 3288 oum
646 3216 848 3289 solemnitas
883 3216 957 3288 testi
984 3215 1041 3288 aui
1069 3215 1220 3288 adnexae
1246 3222 1325 3288 sont

75 3325 306 3418 Indulgentiae
330 3329 424 3417 (noo
449 3332 562 3400 umen
579 3326 693 3418 quoad
708 3327 853 3400 officium
879 3329 1030 3415 tanlom)
1049 3326 1195 3418 legitime
1212 3331 1319 3399 trans·

74 3436 190 3511 tortor.
218 3436 271 3509 Ad
295 3437 481 3511 secondom
507 3439 693 3529 «Negative
712 3467 724 3502 s
744 3439 798 3511 ,td
815 3439 950 3540 tertium
970 3440 1156 3511 «lucretur
1180 3437 1216 3510 io
1241 3454 1322 3510 casn

75 3549 128 3623 die
156 3553 203 3620 27
230 3549 330 3622 Maiis
355 3549 408 3622 Ad
434 3555 590 3641 quartum
616 3547 850 3624 ‹Affirmatire
867 3581 901 3622 ι.

147 3661 193 3734 Et
217 3660 300 3734 taeta
326 3660 369 3735 do
394 3659 553 3735 omnibns
578 3661 796 3734 sanctissimo
824 3663 973 3734 Domino
986 3662 1107 3736 Nostro
1124 3661 1182 3733 Pio
1199 3661 1261 3733 PP.
1279 3659 1326 3731 ix

74 3774 237 3846 relatione
250 3774 292 3846 ab
309 3775 581 3847 Eminentissimo
598 3772 695 3847 Cani.
713 3773 876 3866 Asquinio
894 3775 1073 3857 Praetacto,
1092 3774 1126 3845 in
1139 3771 1316 3844 audientia

77 3889 97 3954 6
122 3885 202 3960 Maii
231 3889 323 3956 7852
350 3886 588 3958 sanctissimos
614 3887 833 3960 resolutiones
859 3888 931 3959 Sao.
957 3883 1232 3977 congregationis
1257 3901 1317 3975 ap·

74 3996 238 4088 probavit,
265 4001 298 4069 et
324 3996 618 4090 quamprimum,
645 3998 816 4071 mandavit
840 3999 1002 4092 publicari
1013 3997 1190 4070 Decretum
1206 3994 1313 4067 Gene-

75 4107 143 4181 raie
167 4109 436 4200 imitamentum
462 4116 499 4182 ot
524 4108 631 4199 inira;
658 4118 692 4182 et
716 4110 828 4202 quoad
861 4117 1017 4202 quartum
1048 4108 1147 4201 jussit
1178 4107 1317 4180 rescribi

73 4219 310 4294 «affirmative
335 4229 467 4294 serrato
492 4223 633 4321 Deoroto
650 4223 724 4295 Sac.
739 4221 1013 4316 congregauonis
1029 4220 1319 4312 indulgentiarum

74 4329 141 4408 diei
167 4337 189 4403 9
216 4331 411 4408 Decembris
440 4337 532 4406 7763
560 4354 578 4405 a
604 4353 675 4409 sam
703 4352 768 4412 nie.
792 4335 974 4412 Clementis
992 4333 1067 4408 Xlli
1087 4331 1321 4426 approbato».
