3182 4922
728 367 774 386 -
802 333 871 398 oso
900 363 947 380 -

747 489 803 540 33
817 487 837 538 3
850 488 872 538 u
889 487 907 538 u
921 487 938 538 s

297 581 447 657 comede
473 598 676 673 quaesumus
701 580 912 672 omnipotens
929 578 1020 650 Dens
1035 579 1075 648 ut
1100 574 1159 666 qni
1184 573 1221 646 in
1247 573 1356 646 Sacro
1373 571 1469 644 Bea-

223 697 372 772 tissimae
403 695 547 788 Virginis
572 693 708 768 Mariae
735 689 845 765 corde
871 691 1069 782 ploriantcs
1097 689 1259 760 Summae
1285 685 1356 774 eius
1371 685 1410 756 in
1431 687 1471 755 te

224 808 404 882 claritatis
431 812 463 880 et
487 811 666 880 maternae
682 805 719 876 in
737 823 798 876 nos
824 801 1013 876 dilectionis
1039 797 1399 872 commemorationem
1414 813 1474 866 re·

225 921 379 1003 colimus,
406 919 555 1010 ejusdem
580 916 837 992 amantissimae
861 915 983 988 matris
999 918 1032 986 et
1049 911 1255 985 otiositatem
1280 909 1472 990 imitemur,

226 1037 258 1106 et
277 1031 479 1125 patrocinia
504 1032 698 1106 sentiamus.
725 1030 792 1102 Per
819 1025 990 1102 Christum
1016 1025 1203 1099 Dominam
1229 1023 1406 1097 Nostrum.

299 1164 335 1226 3.
361 1145 479 1217 Amen.

769 1335 925 1410 DCXLV.

635 1474 899 1524 nornenricrnarts
921 1473 1065 1522 oluscula

436 1583 536 1632 runco
558 1568 686 1634 unuin
708 1566 971 1631 rescolium
993 1564 1178 1629 nunnioni
1200 1580 1267 1628 ure.

563 1675 802 1740 Decimoetertioe
823 1673 968 1760 iiditionis
988 1675 1139 1738 Romanae

306 1789 445 1862 Romani
473 1788 659 1872 Pontifices,
687 1788 810 1878 gruibus
836 1788 1015 1880 praecipua
1043 1785 1243 1860 demandata
1263 1790 1315 1857 est
1335 1801 1417 1856 cura
1433 1780 1479 1854 de

234 1900 356 1975 Christi
373 1899 490 1990 Gregis
508 1907 640 1972 aelerna
660 1899 868 1992 procuranda
883 1900 1000 1982 salute,
1016 1899 1139 1991 apertis
1153 1897 1323 1971 Ecclesiae
1344 1895 1481 1968 1133333-

235 2015 291 2098 ris,
306 2031 392 2108 pene
406 2011 600 2086 innumeras
613 2012 842 2106 indulgentias
856 2018 1099 2086 consessorum
1111 2011 1153 2082 ad
1166 2010 1371 2103 spiritualem
1385 2008 1481 2080 Chri·

236 2123 1019 2216 31133333333111113133,3313133313331133333
1033 2122 1338 2197 monstratione
1346 2121 1480 2213 populo

237 2237 389 2310 monime
402 2237 592 2312 solutorem
606 2255 673 2310 esse
686 2237 759 2308 San.
771 2234 859 2307 irio.
875 2235 1001 2326 synon.
1017 2235 1135 2308 doceat
1148 2235 1254 2324 (Sess.
1272 2238 1319 2304 25
1335 2233 1369 2304 in
1382 2233 1479 2304 Deos.

237 2348 281 2426 oe
297 2348 450 2440 iuduig.).
466 2348 594 2422 Accidit
606 2355 729 2432 tamen,
744 2355 777 2420 el
790 2366 952 2442 persaepe
966 2349 1100 2422 evenire
1117 2347 1212 2432 solet,
1230 2353 1268 2419 ut
1285 2365 1305 2418 a
1321 2343 1479 2418 fidelibus

239 2461 404 2554 praelatae
418 2459 646 2552 indulgentiae
660 2478 727 2532 non
741 2460 954 2550 acqruiranlur
967 2478 1012 2532 ex
1026 2477 1066 2533 eo
1083 2458 1176 2550 quod
1194 2457 1246 2530 vel
1264 2474 1383 2530 earum
1400 2472 1479 2526 oon·

241 2571 423 2655 cessiones
442 2578 498 2644 aut
511 2572 678 2662 injunctae
695 2569 904 2645 conditiones
922 2570 1154 2662 adimplendae
1172 2569 1310 2642 omuino
1327 2567 1482 2658 ignorare

241 2692 306 2768 tur,
324 2683 378 2755 rei
394 2702 436 2756 ex
455 2701 495 2756 oo
515 2681 607 2776 quod
620 2683 653 2755 in
667 2683 836 2755 nonnuliis
854 2683 1049 2774 praesertim
1068 2679 1258 2774 opusculis,
1273 2685 1330 2752 aut
1343 2679 1484 2770 impres

242 2794 411 2876 313131113,
438 2813 526 2886 quae
551 2814 611 2887 per
637 2795 753 2868 orbem
781 2795 910 2885 absque
934 2793 1036 2886 huius
1062 2796 1183 2867 Sacrae
1208 2791 1483 2884 congregationis

244 2906 481 2999 approbatione
507 2906 796 2992 circumferuntur,
822 2925 865 2980 ne
891 2907 973 2999 quid
998 2907 1041 2980 de
1059 2907 1122 2980 iilis
1139 2905 1279 2991 dicatur,
1297 2922 1387 2997 quae
1406 2921 1484 2996 apo·

244 3017 379 3110 eriphae
404 3035 541 3110 quoque
566 3025 645 3092 sunt
671 3025 704 3092 et
727 3019 840 3104 131333,
867 3038 930 3094 uec
954 3019 1105 3112 singulae
1130 3037 1195 3094 nec
1209 3019 1358 3110 integrae
1374 3015 1487 3090 condi·

244 3131 352 3204 liones
378 3129 596 3206 declarentur.
615 3131 841 3218 Quamobrem
855 3137 1082 3226 opportunum
1099 3149 1138 3204 ac
1153 3129 1387 3206 necessarium
1402 3129 1484 3220 jam·

246 3241 374 3316 lindum
400 3243 473 3316 Sao.
501 3243 610 3318 eidem
635 3243 892 3336 congregationi
917 3244 1110 3332 videbatur,
1140 3250 1179 3316 ut
1209 3260 1327 3336 preces
1360 3258 1403 3314 33
1435 3239 1486 3332 pia

246 3371 364 3446 opera,
391 3353 444 3426 1113
470 3353 649 3448 praecipue
675 3355 799 3446 quibus
825 3373 869 3428 ex
895 3356 1106 3447 generalibus
1130 3357 1349 3429 Summarum
1376 3351 1487 3426 Ponti·

247 3465 350 3538 113333
375 3465 623 3556 elargilionibus
648 3466 876 3560 Indulgentiae
901 3475 980 3542 sunt
998 3468 1148 3541 adnexae
1166 3487 1210 3540 ex
1231 3468 1302 3540 suis
1319 3464 1488 3558 germanis

248 3577 395 3651 lontibus
420 3577 562 3653 fideliler
587 3579 705 3650 hausta
730 3585 764 3652 et
788 3579 890 3652 simui
913 3579 1049 3654 collecta
1083 3587 1183 3672 atque
1216 3579 1334 3654 ordine
1360 3577 1489 3669 digesta

248 3689 283 3761 13
309 3687 429 3779 vulgus
455 3687 603 3761 ederent.
631 3689 729 3774 Quod
753 3690 889 3781 quidem
911 3691 952 3763 ad
978 3711 1104 3772 annum
1134 3709 1243 3782 usque
1274 3690 1490 3762 millesimum

249 3798 490 3890 octogesimum
516 3799 810 3892 quadragesimum
837 3809 992 3892 quartum
1017 3803 1156 3896 perfecit
1181 3804 1260 3876 clar.
1288 3819 1354 3874 me.
1383 3800 1489 3872 Cano·

250 3913 345 3985 nieus
371 3911 593 4004 Telesphorus
620 3913 701 3986 Gaiii
728 3914 829 4005 hujus
846 3917 919 3987 Sao.
938 3916 1212 4007 congregationis
1234 3913 1427 3988 Consultor.
1445 3910 1491 3984 Ne

252 4031 363 4098 autem
389 4024 590 4116 posteriores
615 4024 899 4118 indulgentiarum
924 4029 1159 4102 concessiones
1184 4035 1303 4102 tuma
1320 4025 1407 4098 13113.
1425 4041 1491 4096 rec.

254 4136 413 4226 Gregorio
440 4137 501 4207 ΡΡ.
527 4137 604 4210 xvi
630 4145 700 4211 lum
727 4157 745 4210 3
772 4140 830 4211 Pio
856 4141 901 4212 ix
928 4141 1087 4214 Pontifice
1112 4140 1246 4232 Optimo
1272 4137 1420 4212 Maximo
1436 4153 1492 4228 pe·

254 4253 363 4320 motae
389 4247 422 4319 in
448 4247 594 4339 praelata
620 4248 821 4324 collectione
847 4251 1014 4337 deessent,
1043 4253 1133 4345 ipsas
1147 4251 1292 4324 Aleisius
1309 4244 1494 4323 Prinziraii
