3130 4920
556 378 773 448 -lel-

92 516 209 589 7777777
235 515 375 590 homino
400 515 434 588 in
458 511 633 588 audientia
657 515 768 589 babila
793 529 854 607 per
878 527 933 586 me
958 509 1205 604 lnlrasun'ptum
1221 509 1281 584 So·

12 651 14 688 1
91 629 234 702 77777777
256 627 314 702 die
339 633 361 700 9
388 624 539 720 ejusdem
564 627 690 700 mensis
715 633 749 700 ct
773 626 861 710 anni,
887 625 1050 698 Sanctitas
1075 625 1143 698 877
1158 623 1282 697 Votum

89 741 144 812 877
165 739 426 833 congregationis
451 738 667 833 approbando
692 737 909 823 confirmarit
927 735 1075 830 illudque
1098 734 1284 830 pubbhcari

89 851 235 938 77777777,
259 869 330 926 777
353 851 563 926 obstantibus
580 852 615 924 77
631 852 834 925 contraitum
850 850 1045 924 lactentibus
1071 850 1284 942 quibuscum-

89 983 147 1054 que.
168 967 281 1039 batum
306 967 433 1039 Romae
457 983 501 1040 ex
526 962 644 1039 eadem
670 965 743 1039 877.
770 963 1041 1057 congregauonis
1065 960 1285 1055 indulgentia·

86 1095 141 1150 rum
161 1077 339 1154 secretaria
363 1076 418 1154 die
443 1081 466 1150 7
491 1075 567 1151 tulii
594 1080 700 1150 7777.

742 1189 780 1262 h.
799 1187 901 1263 Gran.
919 1187 1060 1262 Caurus
1077 1189 1198 1260 Purur.

708 1301 738 1375 7.
767 1301 802 1376 C.
828 1303 879 1375 De
905 1299 1062 1377 77777777
1088 1301 1210 1375 secret.

566 1480 777 1575 77777777.

289 1645 416 1703 cunnus
441 1645 645 1702 chilltllloittlll
670 1643 878 1702 itbtltlbllltltlll
905 1643 1052 1698 lllltollltll

136 1752 249 1839 Quum,
276 1755 363 1828 sicut
388 1773 408 1828 a
432 1753 725 1829 Reverendissimo
751 1753 786 1826 P.
812 1753 979 1846 Rapbaele
1002 1751 1160 1826 benenati
1181 1749 1288 1824 Gerre

81 1863 125 1936 rati
145 1865 219 1938 0777.
247 1866 454 1941 clericorum
480 1867 692 1960 Regularium
717 1866 884 1940 blinorum
899 1865 1084 1939 humillime
1100 1862 1288 1958 exponeba-

81 1981 120 2047 tur
140 1977 171 2050 77
194 1978 352 2051 7777777777
387 1979 439 2052 777
470 1979 604 2052 Ordinis
635 1979 772 2052 Sacrum
799 1985 833 2052 et
857 1979 950 2071 pium
983 1975 1185 2050 Exercitium
1211 1991 1288 2048 cunr

80 2085 261 2162 immobilis
290 2090 517 2165 Eucharistiae
542 2089 746 2164 sacramenti
776 2091 985 2182 expositione
1014 2088 1153 2180 singulis
1184 2085 1288 2159 Feriis

78 2201 212 2274 7777777
230 2203 333 2276 totius
349 2204 428 2278 anni
445 2203 480 2277 in
497 2203 660 2277 honorem
676 2203 710 2276 S.
728 2201 896 2276 Michaelis
921 2199 1119 2291 Archangeli
1136 2197 1288 2290 ejusdem

79 2310 190 2386 0777777
214 2315 351 2387 Patroni
375 2316 488 2409 peragi
515 2316 634 2400 soleat,
660 2316 714 2388 vel
738 2313 880 2407 praeviis
909 2311 1119 2386 facultatibus
1144 2309 1289 2382 obtentis

78 2420 111 2493 sit
130 2425 369 2520 peragendum,
390 2427 626 2500 sanctissimus
644 2427 805 2500 Dominus
829 2427 948 2498 Noster
972 2424 1050 2498 Pius
1068 2424 1129 2495 ΡΡ.
1154 2421 1200 2494 Vl
1220 2437 1290 2493 om·

79 2531 160 2606 cibus
182 2537 361 2629 utriusque
392 2555 495 2612 sexus
528 2536 805 2613 christifidelibus
829 2555 909 2612 7777
933 2533 1180 2630 poenitentibus
1209 2547 1290 2621 con,-

79 2641 173 2732 lesais,
198 2665 238 2722 77
264 2649 300 2721 S.
327 2649 572 2723 communione
597 2649 746 2734 relectis,
773 2649 832 2740 qul
856 2649 890 2722 in
922 2648 1032 2739 alium
1057 2663 1101 2720 ex
1133 2642 1289 2718 Ecclesils

78 2752 252 2848 hujusmodi
269 2761 398 2853 ubique
413 2763 563 2836 locorum
590 2761 821 2844 existentibus,
841 2777 879 2832 ac
895 2759 930 2832 in
946 2763 1117 2852 posterum
1139 2754 1290 2830 extiturls

79 2869 203 2956 portato
228 2874 288 2965 pio
312 2874 479 2947 Exercitio
510 2871 630 2946 devote
663 2871 881 2955 interfuerint,
907 2871 1021 2962 ibique
1047 2887 1107 2962 pro
1133 2866 1290 2942 consca-

78 2993 179 3060 77777
203 2985 395 3078 principum
421 2985 607 3068 concordia,
633 2985 813 3058 haeresum
838 2983 1068 3075 extirpatioue,
1086 3001 1105 3053 a
1126 2981 1160 3052 8.
1178 2979 1290 3055 Matris

79 3086 227 3168 Ecclesiae
253 3097 452 3170 exaltatione
477 3097 549 3190 pias
566 3096 609 3168 ad
628 3097 736 3170 Deum
761 3113 878 3188 preces
904 3092 1090 3176 effuderint,
1116 3091 1291 3183 indulgen·

79 3201 142 3276 llam
173 3207 359 3280 Plenariam
384 3209 419 3281 in
452 3228 519 3282 una
551 3228 595 3282 ex
621 3209 806 3282 enunciatis
838 3207 927 3280 leriis
960 3203 1134 3297 cujuslibet
1165 3203 1291 3275 mensis

78 3316 326 3411 uuiuscujusque
343 3320 476 3395 arbitrio
493 3320 656 3412 eligenda,
675 3337 713 3394 ac
729 3327 860 3412 septem
885 3335 1060 3400 annorum,
1087 3313 1291 3405 totidemque

79 3428 351 3523 uadugemrum
368 3432 402 3504 77
419 3433 559 3523 siugulis
575 3433 711 3524 reliquis
729 3429 879 3523 ejusdem
897 3429 987 3503 leriis
1006 3425 1199 3501 lucrandam
1216 3443 1293 3497 corr·

79 3541 172 3614 777777.
197 3543 339 3638 insuper
363 3544 406 3618 ad
432 3543 582 3638 ejusdem
608 3545 756 3618 oratoris
780 3561 898 3636 preces
928 3542 1073 3632 benigue
1097 3538 1290 3621 inclinatus,

79 3651 230 3728 uniuersis
254 3657 378 3748 pariter
403 3655 692 3740 christifidelibus,
718 3655 752 3728 in
779 3655 926 3746 qnalibet
950 3671 994 3727 ex
1019 3649 1293 3746 superdictione

80 3759 175 3838 7777777
198 3767 301 3842 87777
326 3768 518 3842 Nouendiall
549 3769 811 3861 Praeparalionis
844 3766 886 3841 ad
918 3767 1040 3841 testum
1071 3761 1293 3837 Dedicationis

81 3877 205 3961 praelati
230 3881 263 3952 S.
289 3881 488 3973 Archangeli
513 3880 614 3954 corde
637 3881 753 3954 saltem
781 3880 921 3954 contrito
945 3895 985 3950 ae
1009 3876 1129 3950 devote
1153 3873 1294 3946 interes·

82 3989 230 4076 77777777,
256 4000 288 4066 77
312 3992 448 4068 easdem
474 3993 638 4067 Ecclesiae
655 3995 691 4066 in
707 3993 827 4066 diebus
843 3992 965 4086 paritor
981 3987 1213 4071 montenonis,
1231 4003 1294 4060 777

82 4111 139 4170 uon
162 4103 382 4196 apparitionis
407 4104 559 4198 ejusdem
580 4106 691 4180 Sancti
717 4112 753 4180 ut
771 4123 873 4198 supra
889 4102 1059 4195 dispositis
1084 4098 1293 4174 visitantibus

85 4217 112 4280 77
132 4217 307 4304 ormtibus,
333 4218 575 4312 indulgentiam
600 4219 786 4294 Plenariam
811 4213 1034 4309 incipiendam
1059 4231 1079 4285 a
1102 4211 1219 4305 primis
1239 4227 1294 4283 ue·

85 4327 181 4414 sperts
204 4349 310 4423 usqne
335 4330 378 4406 ad
409 4347 566 4408 occasum
598 4331 678 4408 solis
706 4330 882 4422 utriunque
920 4324 1121 4414 festivitatis3
1154 4341 1193 4397 77
1224 4321 1292 4396 bls-
