3346 4924
710 349 928 416 ..597-

197 478 325 554 mensis
349 476 481 568 diebus,
508 499 547 556 ea
571 481 696 558 scilicet
720 481 774 558 die
799 481 1036 578 acquirendam
1060 483 1096 557 in
1121 501 1189 576 qua
1214 500 1292 558 rere
1317 485 1431 578 poeni·

196 599 307 667 tentes
331 592 485 680 confossi,
504 612 543 668 ac
559 595 593 667 S.
611 595 854 672 communione
878 596 994 672 relecti
1010 596 1143 681 luerint,
1161 615 1200 670 ac
1215 615 1276 690 per
1297 595 1432 689 aliquod

195 706 357 799 mmporis
382 707 526 800 spadum
550 709 646 801 juxta
669 716 818 784 mentem
842 709 1029 784 sanctitatis
1054 711 1143 784 Suae
1167 709 1241 804 pias
1265 709 1309 782 ad
1325 710 1432 782 ileum

194 835 314 912 preces
340 819 528 896 effuderint.
555 821 641 896 Cum
666 841 747 896 uero
771 823 807 896 in
833 823 1018 898 enunciata·
1035 822 1267 907 concessionis
1292 823 1432 915 Decreta

194 931 262 1009 diei
290 938 336 1006 lit
361 934 485 1027 Aprilis
512 939 606 1007 l809
624 936 879 1028 praescribatur,
907 935 1096 1020 nitidulae,
1122 935 1226 1010 dictas
1246 953 1364 1028 preces
1381 952 1432 1006 re

194 1045 298 1120 citent
313 1045 410 1138 [lecu
426 1047 566 1140 occidus
592 1053 758 1138 qnatenus
774 1050 896 1142 utiquo
913 1050 1065 1143 corporis
1089 1047 1433 1146 indispositioucuuu

195 1156 447 1251 tmpedumur,
474 1158 614 1234 dubium
640 1163 850 1254 mopcsitnm
874 1161 936 1236 init
960 1181 1034 1234 «ou
1058 1179 1128 1234 uou
1154 1160 1307 1234 udstuute
1326 1177 1432 1252 proc·

195 1268 310 1344 dtcloe
332 1271 507 1361 iujuuctoc
532 1271 736 1348 conditionis
760 1274 949 1357 omissione,
975 1271 1212 1366 indulgentius
1230 1267 1434 1364 Ciristifide·

197 1383 245 1458 los
270 1385 504 1476 ucguiroutla
527 1385 570 1458 Et
594 1385 678 1460 tacta
703 1405 764 1481 per
788 1405 845 1460 me
869 1386 1116 1480 infrascriptum
1142 1385 1262 1460 Sacrae
1288 1384 1433 1474 Congre-

194 1495 338 1586 gationis
362 1495 650 1589 indulgentiarum
666 1499 888 1574 secretarium
906 1499 1123 1575 sanctssimo
1147 1498 1289 1572 Domino
1314 1497 1434 1570 Nostro

194 1607 253 1682 Pio
279 1607 341 1682 Pi’.
368 1610 415 1684 iii
440 1609 531 1685 fideli
554 1611 725 1698 relatione,
743 1613 906 1688 Sanctitas
932 1613 1000 1686 Soa
1025 1613 1207 1686 clementer
1230 1608 1378 1694 indulsit,
1397 1613 1434 1682 ut

193 1719 434 1797 christifideles
466 1729 632 1818 utsupra
665 1732 817 1812 orantes,
843 1733 877 1800 et
901 1725 1065 1820 praelatas
1097 1743 1215 1819 preces
1243 1722 1431 1804 recitantes,

192 1841 476 1926 praememoratas
508 1835 735 1930 indulgentias
761 1838 880 1912 lucrari
906 1839 1036 1931 possint
1061 1843 1106 1912 et·
1119 1837 1251 1912 valeant
1278 1852 1347 1908 non
1373 1831 1433 1904 oh·

192 1952 304 2022 stante
327 1948 518 2024 omissione·
536 1948 579 2024 de
595 1967 663 2042 qua
679 1969 782 2045 snpra
806 1969 917 2044 usque
943 1951 1024 2024 dum
1051 1950 1175 2035 omissa
1200 1947 1345 2024 conditio
1365 1963 1436 2023 uon

193 2059 361 2135 inseratur
384 2061 421 2135 in
445 2079 532 2136 nora
558 2062 759 2147 collectione
784 2065 874 2156 typis
897 2065 1024 2138 Romae
1050 2061 1246 2156 evulganda.
1265 2058 1435 2134 Praesenti

193 2173 335 2248 ralitmo
350 2173 489 2266 'absque
505 2174 571 2248 uia
588 2176 703 2250 Brevis
729 2175 952 2268 expeditione.
978 2175 1052 2248 Nou
1078 2173 1288 2248 obstantibus
1304 2171 1339 2244 in
1357 2187 1434 2242 con

194 2285 333 2358 uarium
358 2284 555 2360 iacientibus
581 2287 862 2379 quibuscumque.
884 2288 1005 2362 ilatum
1028 2286 1155 2360 Romae
1181 2303 1225 2358 ex
1250 2279 1434 2359 &stemma

196 2395 349 2490 ejusdem
365 2398 440 2472 Sao.
457 2397 731 2492 congregationis
747 2397 1031 2490 indulgentiarum
1048 2397 1102 2470 die
1120 2400 1143 2468 8
1159 2393 1302 2485 Augusti
1325 2395 1432 2464 1859.

869 2511 904 2585 F.
931 2512 1036 2585 Gran.
1061 2509 1235 2594 asomums
1261 2507 1383 2580 Pater.

935 2627 976 2698 Α.
1005 2621 1166 2698 Columbo
1193 2623 1317 2696 Socrct.

698 2763 934 2896 cccxxxiv.

674 2966 768 3022 naum
792 2968 834 3021 ET
859 2967 952 3020 omnis

270 3069 372 3144 Juxta
402 3068 664 3148 concessionem
689 3090 738 3146 sa.
764 3091 831 3148 me.
858 3073 908 3144 Pii
931 3070 994 3146 PP.
1021 3069 1080 3144 Vll
1106 3068 1238 3144 dierum
1271 3071 1313 3138 tl
1350 3065 1436 3138 liar·

194 3181 232 3256 tii
259 3185 356 3254 lttlt
380 3188 414 3257 et
441 3187 486 3254 l8
511 3183 601 3256 ionii
629 3187 734 3256 l822.
760 3183 915 3258 Universi
941 3181 1193 3266 christifideles,
1219 3179 1278 3270 qui
1294 3177 1438 3272 necuim

192 3295 244 3368 ria
272 3295 411 3369 honons
443 3295 606 3389 obsequia
631 3296 666 3370 in
691 3315 809 3372 manse
841 3296 918 3371 liaii
950 3295 1112 3389 ileiparae
1144 3309 1281 3386 semper
1308 3288 1436 3380 virgini

192 3407 317 3482 itariae
341 3413 520 3501 praestem,
546 3427 615 3482 non
632 3408 735 3482 modo
750 3416 938 3484 tercentum
963 3408 1094 3482 dierum
1120 3403 1364 3498 indulgentiam
1382 3418 1436 3474 se·

192 3520 262 3597 mci
286 3521 323 3594 in
347 3521 488 3613 singolis
513 3520 665 3614 ejusdem
691 3524 818 3597 mensis
844 3523 965 3596 denus
989 3522 1171 3606 lucrantur,
1197 3513 1436 3592 verumetiam

193 3629 439 3725 indulgentiam
456 3633 641 3708 Plenariam
659 3635 836 3727 acquirunt
852 3623 951 3708 unica
965 3632 1140 3708 dumtaxat
1155 3632 1229 3704 rice
1245 3627 1330 3703 inira
1347 3643 1439 3698 eum·

192 3745 274 3820 dem
300 3763 465 3833 mensem,
491 3747 608 3841 positis
632 3754 746 3822 tamen
772 3749 942 3822 consuetis
968 3745 1215 3820 conditionibus
1239 3740 1327 3815 utin
1344 3755 1437 3832 prae·

192 3857 259 3932 tata
284 3857 509 3936 concessione
534 3861 728 3936 enunciatis.
747 3860 833 3934 Com
850 3879 931 3934 vero
957 3860 1050 3952 pium
1068 3860 1134 3932 hoc
1150 3852 1347 3930 exercitium
1363 3867 1437 3944 per·

192 3987 299 4064 saepe
330 3971 547 4048 concludatur
572 3974 607 4046 in
632 3991 700 4046 una
726 3972 888 4046 antestis
922 3971 1043 4058 diebus
1073 3965 1282 4062 insequentis
1311 3960 1437 4036 mensis

191 4083 284 4157 ionii
310 4101 387 4158 cnm
413 4085 561 4177 generali
587 4085 842 4170 communione,
870 4092 904 4160 et
929 4083 1049 4161 cordis
1075 4080 1259 4163 oblatione,
1285 4093 1355 4149 non
1380 4071 1438 4150 de·

191 4201 276 4274 sunt
299 4195 428 4283 iidcles,
455 4198 514 4292 qui
539 4215 579 4272 ca
604 4197 659 4273 die
685 4198 886 4273 arbitrantur
910 4196 1098 4272 Plenariam
1124 4191 1298 4285 acquirere
1329 4183 1440 4261 indui·

193 4308 354 4400 gestan,
379 4311 416 4390 in
440 4329 509 4406 qua
534 4311 629 4407 pium
654 4310 836 4394 absolvitur
861 4310 1078 4396 exercitium,
1114 4305 1196 4404 quin
1221 4310 1335 4382 umen
1366 4313 1440 4371 eam
