3120 4924
577 381 636 406 --
663 349 735 416 sto
762 379 808 400 ·-

595 539 796 616 cccxxix.

255 699 386 756 onnmrs
409 697 832 770 slucnssruncrnmrrurrs
853 696 1139 754 nrscaueuuronuu

461 814 696 888 nmuurrronrs
721 813 929 870 cnrrrvonuu
1059 855 1061 864 r

158 933 208 1006 Ad
232 933 436 1006 humillimas
459 950 580 1026 preces
613 933 838 1006 procuratoris
870 931 1042 1006 Generalis
1074 928 1207 1004 Ordinis
1232 924 1314 1001 San·

1 1049 2 1092 ³
96 1047 250 1118 nissimac
287 1046 454 1118 trinitatis
490 1045 770 1120 niscalceuuomm
810 1042 1060 1138 nocempuoots
1099 1042 1312 1136 Captivorum

1 1171 2 1226 ὲ
95 1159 320 1232 sucessimus
344 1157 506 1231 Dominus
527 1157 649 1232 Noster
674 1157 830 1231 Clemens
858 1157 933 1230 lllll
962 1155 1106 1247 benigne
1138 1153 1313 1237 inclinatus

96 1271 250 1344 omcessit
274 1277 312 1344 ut
335 1270 371 1342 in
396 1270 550 1362 proximo
575 1270 688 1344 tuturo
714 1286 801 1342 anno
825 1277 860 1343 et
889 1269 1166 1360 quotiescumque
1191 1265 1314 1340 testum

95 1383 123 1454 S.
144 1383 282 1458 loannis
307 1383 349 1456 dc
373 1383 484 1457 llatba
508 1382 646 1476 praeisti
670 1382 804 1456 Ordinis
829 1381 1028 1455 lundamris
1052 1379 1222 1456 translerri
1238 1395 1315 1452 con·

95 1495 192 1586 igcrit
220 1498 256 1569 in
283 1496 442 1572 omnibus
475 1495 627 1589 ejusdem
659 1495 792 1570 Ordinis
824 1495 980 1568 Ecclesiis
1008 1493 1134 1587 ubique
1153 1493 1315 1566 vlocorum

93 1607 306 1682 existentibus
331 1607 497 1680 uniuersis
523 1607 697 1698 utriusque
714 1623 817 1680 sonus
835 1604 1111 1680 christifidelibus
1127 1606 1190 1678 rite
1205 1603 1316 1697 dispo

92 1720 155 1794 sitis
177 1717 364 1814 sopradicti
394 1719 527 1796 Ordinis
556 1718 753 1794 Sacerdotes
787 1736 826 1792 ea
858 1717 912 1791 dio
944 1718 979 1790 in
1011 1735 1078 1808 qua
1110 1715 1316 1809 praedictum

92 1830 204 1906 istum
238 1831 461 1910 celebrabitur
492 1831 746 1906 Absolutionem
772 1830 961 1922 generalem
991 1847 1068 1902 cum
1101 1827 1316 1920 indulgentiis

92 1943 227 2018 adnexis
244 1943 416 2036 ¹impertiri
440 1943 581 2018 ualeant.
608 1943 787 2035 llolnilquc
812 1941 939 2016 Eadem
963 1940 1126 2014 Sanctitas
1147 1941 1214 2014 Suo
1230 1939 1317 2013 banc

92 2059 225 2146 gratiam
250 2055 423 2149 perpetuis
448 2053 568 2138 tuturis
593 2054 801 2148 temporibus
824 2053 896 2126 lore
920 2052 1105 2126 valituram.
1311 2093 1313 2100 ,

155 2169 281 2242 Datum
305 2168 432 2240 Rornae
457 2185 501 2240 cx
525 2167 709 2240 secretaria
734 2167 808 2241 Sac.
833 2163 1106 2259 congregationis
1140 2162 1318 2256 indulgeo-

93 2280 207 2356 liarum
234 2278 291 2354 die
315 2283 362 2350 29
388 2277 586 2354 Novembris
614 2283 719 2352 1768.

762 2393 800 2464 L.
826 2391 929 2464 Cano.
955 2389 1097 2463 carmus
1122 2387 1244 2462 Pnacr.

839 2504 873 2576 S.
899 2501 1030 2592 Borpio
1056 2500 1178 2575 secret

566 2681 573 2713 ,
611 2615 799 2692 CCCXXX.

170 2753 226 2806 rr.
244 2748 498 2805 mancunium
515 2747 802 2802 orscuuunnronuu
819 2745 1029 2800 nmnrmoun
1045 2744 1078 2798 ru
1095 2742 1235 2798 rouorn

160 2843 216 2916 lid
233 2843 437 2918 humillimas
454 2859 571 2934 preces
587 2841 666 2913 rm.
686 2839 936 2913 carmelitarum
956 2838 1234 2912 discalceatornm
1251 2834 1322 2911 Bel·

94 2951 240 3030 dieaorie
265 2957 301 3028 in
326 2955 461 3027 Polooia
485 2954 722 3026 sanctissimus
738 2951 902 3024 Dominus
926 2951 965 3026 N.
991 2951 1147 3024 Clemens
1167 2949 1230 3022 PP.
1246 2947 1322 3020 lllll

94 3068 236 3162 benigne
261 3069 438 3142 inclinatus
462 3066 628 3140 universis
653 3065 829 3156 utriusque
845 3081 949 3138 sexus
971 3062 1248 3138 Christifidelibus
1265 3059 1324 3153 qui

96 3181 262 3272 genutlcni
288 3185 322 3252 et
347 3178 447 3253 corde
472 3179 590 3252 saltem
616 3177 745 3252 contriti
771 3193 889 3250 eorum
914 3193 982 3247 uno
1011 3193 1056 3248 cr
1088 3171 1237 3257 duobus,
1265 3170 1323 3262 qui

94 3311 180 3368 nnnc
204 3294 240 3366 in
266 3292 443 3364 Oratorum
468 3289 615 3362 Ecclesia
640 3305 765 3362 munus
790 3285 1036 3362 Poenitentiarii
1051 3291 1219 3358 crement
1239 3288 1272 3356 et
1288 3282 1323 3355 in

95 3411 264 3494 posterum
303 3404 337 3476 in
372 3402 490 3478 eodem
524 3419 664 3476 munere
701 3399 952 3474 successoribus
984 3396 1104 3472 devote
1134 3394 1323 3490 collirges

96 3517 327 3604 submiserint,
354 3514 597 3607 indulgentiam
627 3513 742 3604 riginti
774 3510 904 3585 dicrum
934 3510 1115 3584 clementer
1144 3504 1322 3589 concessit,

98 3645 195 3718 quam
220 3630 322 3702 etiam
347 3627 448 3701 iidem
474 3625 718 3700 Poenitentiarii
745 3623 876 3714 quinties
901 3622 934 3695 id
964 3621 1092 3714 egerint
1122 3617 1242 3693 lucrari
1266 3633 1323 3688 ra·

98 3739 192 3814 leant.
218 3740 401 3830 voluitque
432 3739 597 3814 Sanctitas
626 3737 693 3810 Sua
724 3736 812 3810 harro
844 3735 983 3827 gratiam
1011 3731 1181 3826 perpetuis
1206 3727 1325 3802 tuturis

98 3855 302 3946 temporibus
327 3851 458 3945 absque
482 3851 548 3924 ulla
573 3848 687 3922 Brevis
711 3846 924 3940 expeditione
950 3846 1020 3918 lore
1044 3843 1239 3918 valituram

170 3967 289 4038 batum
316 3965 441 4038 llomae
466 3981 510 4036 cr
526 3961 710 4036 secretaria
726 3960 800 4036 Sao.
817 3957 1089 4051 congregationis
1105 3951 1325 4047 indulgentio-

101 4092 175 4150 rom
198 4075 252 4153 dic
278 4080 323 4150 ltl
349 4075 543 4152 Decembris
571 4077 676 4150 1768.

773 4185 810 4258 L.
835 4183 939 4258 Cano.
964 4179 1106 4254 cincus
1130 4178 1251 4254 Penes.

847 4296 880 4372 S.
907 4292 1037 4386 llorqio
1064 4291 1186 4368 secret.
