3164 4926
757 333 974 401 -ldO-

256 473 332 564 dia;
348 474 403 548 ool
423 471 567 565 sufficiet
583 471 683 544 ittam
701 468 826 544 dolero
845 470 883 542 a'c
903 469 977 542 ctio
998 483 1210 559 quocumque
1228 463 1376 554 mordeat
1392 467 1492 536 octa·

253 604 319 661 ace
344 585 456 658 dicia
493 585 535 658 Et
559 582 685 658 Eadem
711 584 786 656 Sao.
813 581 1033 674 congregatio
1062 579 1117 653 die
1147 585 1193 650 et
1219 578 1364 651 tannarii
1392 581 1491 648 litte

254 696 508 772 rescribendum
533 713 609 770 esse
635 696 766 770 censuit
790 724 802 758 ι
827 694 1034 768 affirmative
1059 693 1102 766 ad
1126 693 1268 786 primam
1293 696 1432 784 partem,
1457 695 1496 763 et

252 811 411 904 Negative
435 811 479 884 ad
503 809 696 894 secundam,
722 808 785 884 scd
808 807 1065 901 supplicandum
1091 823 1167 880 esse
1188 804 1404 878 sanctissimo
1424 820 1494 895 pro

253 924 450 997 extensione
480 923 667 1016 praedictae
692 921 921 1013 Indulgentiae
946 919 1117 993 Plenaviae
1141 917 1184 990 ad
1209 917 1393 1010 quamlibet
1416 916 1495 990 sive

252 1035 339 1120 lasti,
365 1035 437 1108 sive
461 1035 545 1108 inira
572 1041 733 1114 octavam,
759 1033 832 1106 sive
849 1034 993 1106 octavae
1017 1031 1083 1116 die,
1109 1031 1144 1102 in
1165 1049 1232 1122 qua
1245 1029 1384 1122 quaevis
1401 1028 1495 1101 Con·

252 1145 439 1220 trntcrnitas
464 1163 560 1220 suana
586 1146 715 1239 peragit
740 1145 1023 1239 supplicationem
1040 1161 1101 1216 seu
1119 1142 1421 1216 processionem».
1440 1141 1496 1212 lle

253 1259 377 1350 quibus
402 1258 486 1332 iacta
511 1277 653 1351 perine
678 1257 925 1348 infrascriptum
951 1257 1024 1328 San.
1044 1253 1316 1346 congregationis
1342 1254 1497 1326 Secreta·

253 1372 341 1444 rium
374 1370 428 1444 dic
461 1377 506 1444 23
538 1370 691 1462 ejusdem
723 1371 850 1442 mensis
880 1369 1098 1442 sanctissimo
1131 1367 1273 1440 Domino
1305 1365 1495 1446 relatione,

253 1483 417 1556 Sanctitas
442 1483 511 1556 Sua
535 1487 652 1554 votum
679 1481 840 1574 ejusdcm.
857 1483 930 1554 Sac.
958 1481 1232 1574 Congregationis
1257 1477 1496 1575 apprehendo,

252 1594 418 1688 praelatae
444 1595 633 1670 artensium
659 1595 805 1687 henigne
830 1595 956 1668 annuit.

781 1708 839 1780 Fa.
866 1710 893 1781 J.
920 1708 1024 1781 Cano.
1050 1709 1315 1780 Pcarocannnac
1340 1705 1467 1775 Pnanr.

733 1822 773 1894 Α.
804 1823 851 1896 Μ.
882 1821 977 1895 Eric
1002 1821 1096 1894 Prot.
1126 1819 1339 1913 apostolicas
1365 1818 1494 1889 secret.

810 2017 921 2092 CCXI.

424 2164 603 2220 novennium
629 2165 742 2218 vontus
768 2165 896 2220 cnemis
921 2165 952 2218 B.
979 2165 1014 2218 M.
1040 2163 1073 2218 V.
1099 2165 1142 2218 DE
1163 2161 1313 2218 MERCEUE

636 2278 872 2332 montenonis
898 2277 1106 2332 etintendit

328 2382 381 2456 dd
406 2383 607 2458 humillimas
633 2402 751 2477 preces
777 2386 813 2457 P.
830 2385 979 2476 Magistri
995 2383 1159 2457 Dominici
1175 2379 1312 2474 losephi
1337 2379 1379 2453 ab
1405 2377 1495 2452 listi·

257 2494 407 2587 gacibhia
423 2495 575 2570 moderni
592 2497 671 2570 Fir.
690 2495 823 2572 Ordinis
840 2498 875 2570 Β.
894 2498 937 2571 M.
955 2497 996 2568 V.
1014 2495 1057 2569 de
1072 2494 1227 2570 Mercede
1239 2492 1494 2584 Redemptiouis

257 2607 472 2700 Captivorum
499 2615 680 2702 nuncupat.
706 2609 827 2682 vicarii
853 2615 886 2682 et
912 2609 1137 2681 Procuratoris
1159 2606 1331 2680 Generalis
1347 2605 1495 2677 Sanctis·

256 2720 363 2792 simus
389 2719 551 2793 nominas
584 2721 703 2796 Noster
735 2719 934 2795 Benedictus
965 2721 1026 2793 PP.
1060 2720 1136 2793 lllV
1165 2719 1282 2793 volens
1314 2733 1433 2790 omncs
1460 2723 1496 2789 et

256 2831 405 2922 singulas
430 2833 595 2906 Ecclesias
620 2834 868 2908 Monasteriales
900 2833 1092 2907 Monialium
1119 2831 1271 2925 ejusdem
1301 2828 1434 2902 Ordinis
1461 2835 1496 2901 et

257 2944 323 3017 suh
349 2963 428 3018 cura
455 2953 488 3019 et
510 2946 740 3037 jurisdictione
765 2946 982 3039 superiorum
1009 2945 1143 3020 Ordinis
1168 2943 1321 3038 ejusdem
1346 2942 1495 3016 existen·

257 3056 352 3142 tium,
378 3059 450 3132 slve
476 3067 615 3144 erectas,
642 3059 713 3132 sive
739 3060 773 3130 in
799 3065 972 3152 posterum
997 3058 1172 3152 erigendas
1189 3058 1223 3130 in
1241 3057 1365 3148 quidus
1381 3055 1496 3128 Altare

258 3188 277 3240 a
303 3169 356 3242 Se.
383 3172 447 3246 Me.
475 3171 655 3245 Benedicta
680 3172 756 3244 lllll
782 3171 845 3245 soh
878 3172 933 3246 die
959 3177 1005 3244 tl
1038 3171 1183 3244 tannarii
1211 3173 1305 3241 litt
1331 3187 1393 3262 pro
1426 3186 1497 3240 nna

258 3281 435 3372 cujuslibet
447 3281 679 3356 hebdomadae
695 3282 870 3357 dumtaxat
885 3283 966 3357 ierla
978 3283 1222 3376 privilegiatum
1238 3281 1274 3353 in
1291 3285 1494 3374 perpetuum

257 3394 432 3486 reperitur,
448 3393 540 3485 quod
554 3411 616 3486 per
629 3401 822 3486 praesentes
837 3395 976 3470 Litteras
990 3395 1183 3469 anctoritate
1196 3392 1387 3486 Apostolica
1398 3409 1497 3466 vero

258 3505 393 3589 caverit,
421 3514 454 3580 et
480 3507 514 3578 in
540 3507 589 3580 eis
614 3507 716 3582 situm
742 3508 854 3582 Altarc
880 3529 898 3582 a
923 3509 1111 3601 respective
1136 3508 1301 3579 Locorum
1318 3503 1497 3578 Ordinaric

259 3618 366 3690 semel
381 3616 627 3709 designandum
653 3619 717 3692 hoc
742 3621 876 3714 speciali
902 3619 991 3693 dono
1017 3620 1191 3700 illustrare,
1213 3623 1247 3691 et
1263 3616 1497 3710 quandocum-

259 3747 326 3821 que
351 3729 515 3803 Sacerdos
541 3732 661 3824 aliquis
687 3733 873 3808 Saecularis
898 3733 951 3805 vel
977 3731 1125 3823 cujusvis
1142 3730 1286 3816 Ordinis,
1304 3730 1498 3823 congrega-

258 3841 358 3912 tionis
384 3848 417 3914 et
442 3843 585 3917 instituti
611 3845 784 3935 Regularls
810 3845 946 3918 Missam
971 3862 1033 3937 pro
1058 3843 1178 3916 Anima
1203 3843 1352 3936 ipsarum
1369 3845 1500 3916 Monie-

257 3951 359 4036 Mum,
386 3971 571 4048 earumque
596 3955 926 4047 consanguineorum
952 3961 986 4029 et
1011 3955 1160 4030 affinium
1185 3955 1220 4028 in
1246 3956 1355 4047 primo
1381 3961 1415 4027 et
1442 3973 1500 4029 se·

259 4063 370 4138 cundo
395 4067 501 4158 gradu
526 4067 704 4152 inclusive,
733 4085 772 4138 ac
796 4067 983 4141 Puellarum
1000 4070 1035 4141 in
1052 4067 1171 4142 iisdem
1188 4067 1398 4142 Monasteriis
1416 4066 1502 4142 edu·

259 4176 452 4263 candorum,
479 4179 686 4271 aliarumque
711 4178 793 4252 inihi
819 4183 1024 4256 serventium
1049 4189 1084 4256 et
1108 4200 1169 4275 pro
1195 4186 1347 4274 tempore
1372 4179 1501 4273 degen-

259 4289 354 4377 tium,
380 4308 443 4368 nec
469 4307 538 4368 non
562 4292 839 4371 monasteriorum
864 4295 1088 4388 praelatomm
1116 4293 1380 4382 Beneiactorum
1406 4311 1501 4386 quae
