3130 4920
574 343 790 410 -3ttt‚-
902 361 903 364 ’

92 479 245 562 miramo,
270 497 341 552 noo
361 480 559 576 permetiete
585 475 654 550 otre-
669 477 703 550 io
728 474 874 549 o’odtrio
898 471 948 548 od
962 471 1083 556 odiose
1099 494 1118 548 e
1133 475 1300 554 motodire

88 611 137 683 prr
155 609 284 684 mntpre
308 588 544 681 neit'ioferno.
572 587 745 680 Soffrirete
760 587 818 662 voi
835 585 872 660 di
885 585 989 660 aeder
1006 585 1160 662 donanto
1177 608 1225 662 oo
1240 610 1299 665 oo·

90 711 142 776 stro
162 723 259 778 seroo
285 702 347 776 ete
362 703 399 776 oa'
415 707 522 774 omo?
540 702 570 772 0
584 701 713 782 Morio,
740 697 800 773 cte
816 700 878 772 mi·
890 698 983 772 dite?
999 700 1037 772 io
1054 701 1104 774 mi
1120 699 1299 776 manno?

89 819 126 888 m
145 816 299 890 domaerd
324 833 359 888 se
374 814 410 888 oi
436 815 564 904 toreio;
588 811 721 887 mariti
745 813 834 886 oord
845 813 909 904 piri
935 831 1036 886 cuore
1062 811 1302 912 dilaminavit

84 912 137 1001 ‘dii
152 929 262 1023 potrd
285 926 460 1002 morderet
483 925 690 1000 dett’omore
715 924 775 1000 cite
806 926 865 998 Vei
881 926 929 1000 mi
953 927 1300 1020 avete-portatorem

89 1039 134 1113 et
152 1056 224 1114 noa
248 1042 279 1114 ai
299 1039 408 1133 perde
432 1037 487 1112 eti
512 1057 536 1112 o
567 1039 625 1112 Vot'
649 1053 713 1111 coa
737 1035 864 1131 feretro
888 1038 918 1110 si
941 1037 1186 1123 roooomondo,
1213 1039 1256 1113 ed
1278 1059 1303 1114 o

92 1153 137 1226 iot
156 1154 302 1227 rienrre.
329 1149 422 1223 Det!
454 1148 577 1226 nadre
609 1150 693 1232 mio,
719 1167 789 1222 oon
812 1149 862 1222 mi
886 1150 1089 1224 torciotein
1105 1169 1209 1226 meno
1230 1154 1309 1228 atiox

89 1263 165 1338 et’io
192 1266 242 1336 mi
261 1262 434 1356 perderd;
458 1262 530 1357 (ote
555 1261 615 1336 cie
639 1263 673 1334 io
705 1256 884 1354 mmprea
916 1263 973 1336 Vei
988 1263 1143 1336 ritorto.
1179 1265 1304 1344 sotor·

90 1379 153 1449 teari
180 1379 360 1470 maroam
382 1375 467 1456 mio,
493 1375 674 1448 aotootemi
700 1373 941 1467 dott'iofernm
959 1394 986 1448 e
1005 1377 1125 1468 prima
1151 1375 1212 1450 dot
1225 1395 1304 1469 poc·

89 1493 162 1571 rom,
189 1487 251 1562 cite
275 1489 349 1562 soto
369 1487 443 1580 ped
468 1486 721 1562 condononant
745 1485 962 1582 ott'inserrto.
1059 1499 1070 1536 ¹

146 1601 209 1675 ire
234 1600 334 1674 Salve
358 1599 495 1693 Regina.
942 1589 944 1594 ’
998 1651 1001 1661 .

599 1795 787 1869 cdxxvii.

502 1940 621 1998 unsis
654 1941 703 1994 ΕΤ
735 1941 856 1994 ORBIS

151 2047 389 2124 sanctissimus
412 2048 574 2122 Dominus
598 2049 717 2123 Noster
742 2047 820 2122 Pins
841 2047 903 2121 ΡΡ.
922 2047 979 2122 vit
996 2050 1183 2126 animamm
1209 2053 1307 2128 aetati
1405 2063 1409 2066 ’

91 2177 180 2252 poam
202 2161 353 2236 maxime
368 2161 544 2236 eonsuiere
559 2160 755 2240 desiderans
770 2167 804 2234 et
819 2165 857 2234 ut
873 2161 1125 2238 sanctissimum
1145 2166 1225 2278 ¹Jesn
1241 2167 1306 2241 No

90 2291 159 2348 men
182 2274 275 2367 quod
299 2281 478 2367 estsuper
502 2291 604 2347 omne
627 2273 774 2358 Nomen,
798 2273 836 2345 in
861 2291 930 2365 qno
955 2281 1007 2350 est
1031 2276 1116 2359 vita,
1143 2277 1251 2361 salos,
1277 2284 1310 2350 ot

90 2387 278 2460 resurreetio
304 2393 427 2470 nostra,
452 2403 514 2478 per
539 2404 642 2478 quem
666 2385 782 2458 salvati
808 2391 842 2460 et
865 2385 995 2460 liberati
1011 2405 1129 2463 somus
1146 2389 1189 2462 ab
1205 2389 1311 2462 omni·
1445 2403 1449 2412 ’

90 2495 146 2569 bns
169 2515 272 2591 saepe
297 2497 432 2588 saepius
458 2497 493 2569 io
518 2496 619 2570 eorde
652 2504 686 2570 et
716 2498 752 2569 in
776 2513 835 2571 ore
866 2499 1048 2574 retineatur
1079 2501 1311 2576 ardentissime

91 2609 231 2702 rapiens,
264 2607 430 2680 universis
463 2609 651 2701 utriusque·
669 2627 773 2684 senus
806 2608 1101 2699 christifidelibus,
1128 2615 1187 2706 qni
1211 2613 1312 2688 eorde

92 2721 197 2794 saltem
223 2719 366 2793 eontrito
392 2737 430 2792 ao
454 2718 574 2793 devote
608 2721 760 2794 Psaimns
786 2721 1040 2797 sanctissimum
1072 2726 1152 2802 Jesu
1183 2725 1315 2799 Nomen

92 2830 122 2904 in
143 2832 319 2906 initialibus
345 2831 460 2905 litteris
485 2839 724 2926 componentes
751 2852 818 2907 una
843 2852 920 2908 oum
944 2836 1096 2928 Hymnis,
1114 2837 1313 2932 Antiphonis

94 2945 299 3021 monnone
323 2963 384 3036 per
408 2945 575 3036 integrum
600 2963 754 3018 mensem
780 2947 1004 3039 recitaverint3
1037 2957 1169 3042 praeter
1201 2951 1316 3024 Plena·

95 3054 153 3128 rias
176 3063 208 3130 et
233 3056 393 3129 Partiaies
417 3055 644 3148 indulgentias
667 3059 736 3150 jam
761 3075 949 3144 concessas,
977 3067 1010 3134 et
1027 3061 1099 3135 snb
1125 3061 1180 3135 die
1199 3065 1243 3132 td
1260 3062 1316 3135 Jo-
1359 3047 1364 3052 ’

97 3167 138 3238 nii
162 3173 252 3241 {815
279 3167 322 3240 ab
347 3167 473 3242 Eadem
498 3169 677 3244 Sanctitate
709 3171 776 3244 Sua
809 3171 1039 3257 confirmatas,
1073 3171 1315 3263 indulgentiam

98 3277 270 3353 Pienariam
295 3279 451 3355 iideiibns
476 3299 612 3374 quoqne
637 3282 803 3356 deiunotis
827 3283 1055 3375 applicabiiem
1073 3282 1116 3356 ad
1132 3282 1218 3358 duos
1235 3282 1323 3357 alios.

99 3387 162 3464 dies
184 3393 338 3467 videlieet
362 3393 397 3466 in
422 3393 506 3468 iesto
531 3396 610 3466 iesu
634 3395 806 3478 Nazareni
832 3401 866 3466 et
890 3395 925 3466 in
950 3393 1035 3468 testo
1049 3394 1317 3468 Cireomeisionis

99 3502 133 3574 [t.
154 3506 192 3578 m
217 3507 246 3579 J.
272 3504 310 3578 G.
336 3503 520 3578 dommodo
546 3505 666 3580 iisdem
691 3505 811 3590 diebus
828 3523 908 3580 vere
927 3508 1148 3600 poenitentes,
1162 3507 1318 3581 'eoniessi

102 3632 135 3685 ae
155 3616 187 3689 S.
212 3617 456 3690 communione
481 3617 593 3690 reiecti
619 3618 750 3704 inerint,
777 3625 811 3692 ot
837 3619 1048 3711 paratiquod
1064 3620 1224 3714 temporis
1240 3637 1318 3710 spa·¹

103 3724 174 3798 tom
195 3731 289 3818 juxta
315 3734 463 3802 mentem
485 3730 672 3810 Sanotitatis
690 3731 777 3806 Suae
794 3730 1049 3823 memmenni,
1066 3732 1318 3825 inperpetuum

106 3836 262 3911 trituram
292 3848 504 3932 peramanter
529 3841 679 3916 extendit
704 3842 833 3934 absque
856 3843 937 3916 nlla.
951 3843 1066 3917 Brevis
1095 3841 1318 3936 expeditione.

166 3949 282 4024 itatnm
307 3952 433 4025 Romae
459 3971 503 4026 ex
528 3954 711 4031 secretaria
740 3956 813 4028 Sao.
847 3954 1120 4048 congregationis
1145 3953 1321 4047 indulgen·

108 4057 212 4136 tiaram
236 4061 291 4138 die
317 4067 362 4135 tt
388 4063 585 4140 Novembris
614 4066 726 4137 test

392 4213 397 4220 ·
588 4177 628 4251 G.
654 4176 757 4252 Cano.
783 4178 833 4251 Aa
851 4177 963 4271 ‘Anam
987 4179 1147 4252 omnnia
1172 4179 1295 4254 Paeon.

704 4291 851 4383 roperto
873 4290 1050 4386 Codoorm
1065 4291 1191 4374 secret
