3164 4926
610 357 829 426 -ltttt-

102 490 293 584 mque
316 491 457 584 iujurias
480 489 598 568 Eidem
623 495 745 568 allaim.
773 497 851 568 san.
869 493 941 571 ido.
967 491 1122 568 Urbanas
1138 491 1183 568 lv
1203 493 1340 572 Eestum

99 605 260 698 Corporis
274 604 399 680 Christi
412 605 649 680 celebrandum
666 607 823 692 decrevit,
841 608 1012 700 voluitque
1028 608 1185 701 praelatis
1201 605 1245 683 de
1261 627 1340 686 oan-

97 717 145 789 m
170 725 210 794 nt
236 718 448 792 solemnibus
477 718 608 794 indictis
633 720 930 813 supplicationibus
954 721 1092 814 potiori,
1119 739 1187 814 qna
1210 727 1338 814 potest,

97 849 225 924 mmpa
251 833 354 904 saera
379 832 494 906 ilostia
518 833 795 908 circumferretur.
814 833 1005 920 Quinimmo
1017 834 1208 927 Apostolioa
1220 835 1338 920 sedes,

99 949 137 1016 ut
161 943 407 1018 Chr'mtilideles
432 944 476 1018 ad
500 946 661 1037 mojorem
688 965 767 1038 erga
798 953 929 1020 hubam
958 948 1211 1020 sacramentum
1237 945 1339 1020 devo-

100 1056 232 1130 tionem
258 1057 493 1140 excitarentur,
520 1065 621 1150 atque
646 1058 689 1132 ad
713 1060 806 1132 illum
829 1059 1059 1133 maritandum
1083 1062 1191 1152 magis
1216 1060 1339 1152 magis-

101 1170 417 1260 eradicarentur,
451 1171 639 1264 spirituales
671 1172 803 1246 lavares
836 1173 972 1264 elargita
1004 1179 1073 1256 est,
1106 1181 1140 1246 et
1170 1175 1341 1265 signanter

99 1281 465 1358 Archioonlratorniteti
490 1285 642 1377 ejusdem
672 1286 879 1360 sanctissimi
903 1285 1107 1360 sacramenti
1133 1285 1168 1358 in
1192 1285 1341 1362 Ecclesia

101 1395 135 1466 S.
163 1396 287 1470 Mariae
312 1415 416 1490 super
440 1397 623 1472 Mineruam
649 1398 747 1472 Urbis
773 1404 903 1472 areolae
934 1399 1021 1472 inter
1053 1403 1202 1472 coeteras
1226 1397 1339 1472 ludul-

100 1509 242 1598 gentiae,
268 1509 456 1584 Pienariam
471 1529 533 1604 pro
549 1509 728 1584 semibus
743 1511 1031 1604 supplicationem,
1056 1529 1144 1604 quae
1161 1511 1204 1585 ab
1220 1511 1339 1585 eadem

100 1619 250 1694 Ecclesia
275 1621 369 1695 seria
394 1629 490 1696 serta
515 1629 591 1715 post
616 1623 866 1697 solemnitatem
891 1623 1048 1717 Corporis
1073 1623 1195 1698 Christi
1219 1623 1338 1698 imme·
1494 1713 1497 1720 ¹

101 1731 190 1806 diste
214 1735 396 1826 quotannis
419 1735 572 1820 hahetur,
599 1735 834 1809 comitantibus
851 1738 1026 1810 concessit.
1043 1736 1170 1810 Verum
1187 1754 1265 1809 cum
1282 1755 1340 1810 er·

102 1851 152 1918 ba
190 1845 317 1922 Urbem
349 1847 444 1939 plura
475 1847 667 1938 hujusmodi
700 1847 857 1920 sodalitia
889 1849 1096 1922 sanctissimi
1133 1849 1338 1922 sacramenti

101 1959 321 2050 reperiantm,
349 1960 490 2050 quaesi
516 1960 674 2033 canonice
700 1967 810 2033 erecta
833 1960 902 2054 jam
928 1960 1004 2045 sint,
1027 1962 1081 2033 rel
1097 1960 1256 2055 deinceps
1273 1961 1338 2035 eri·

101 2079 222 2162 gantur
247 2073 362 2164 rigore
387 2074 517 2146 Decreti
542 2091 562 2144 a
587 2074 660 2144 sac.
695 2071 958 2164 congregatione
990 2072 1275 2165 indulgentiarum
1305 2079 1340 2148 et

101 2185 175 2257 sac.
200 2185 432 2276 delicularum
457 2186 520 2259 sub
547 2186 601 2259 dia
628 2191 673 2256 63
699 2185 822 2277 Aprilis
851 2190 944 2257 listi
971 2184 1068 2270 editi,
1103 2205 1141 2258 ao
1165 2205 1226 2278 per
1251 2186 1339 2280 hpo

102 2298 255 2371 stolicnm
283 2299 382 2371 etiam
415 2300 519 2372 Breve
549 2317 568 2370 a
601 2299 685 2370 ileu.
715 2299 815 2372 Mem.
848 2298 1041 2371 innocentio
1071 2299 1117 2369 lli
1150 2297 1204 2371 die
1229 2300 1339 2391 prima

102 2409 254 2486 Octobris
283 2415 378 2484 iilis
403 2411 599 2496 confirmati,
626 2410 782 2488 omuibus
800 2417 833 2483 et
850 2411 988 2501 singulis
1005 2409 1222 2501 indulgentiis
1239 2409 1336 2503 prae-

103 2521 207 2596 dictae
239 2523 600 2600 brehioonlratemitaii
632 2522 902 2615 quoquomodo
932 2523 1002 2614 jam
1034 2523 1203 2596 concessis
1236 2529 1270 2596 ct
1301 2525 1337 2598 ιιι

105 2645 276 2726 posterum
302 2637 542 2721 conmdcndis,
568 2637 642 2710 sine
674 2635 740 2708 ulla
771 2636 906 2729 speciah
938 2636 1173 2728 aggregatione
1197 2635 1336 2730 parilor·

106 2751 197 2824 miter
223 2748 389 2841 gaudere,
415 2751 557 2822 ethaeo
588 2749 662 2842 ipsa
687 2747 843 2822 sodalitia
869 2767 948 2822 suas
973 2750 1142 2822 solemnes
1167 2749 1337 2843 Supplica-

107 2861 208 2936 mum
234 2862 366 2936 sivein
395 2863 469 2955 ipso
501 2863 586 2936 testo
618 2862 775 2958 Corporis
807 2863 947 2946 Christi,
977 2863 1049 2936 sive
1076 2863 1248 2937 bominioa
1273 2863 1335 2938 im·

106 2975 245 3050 mediato
270 2976 440 3067 sementi,
467 2975 538 3048 sivo
564 2976 625 3048 alia
650 2975 868 3050 commodiori
898 2976 1041 3048 ochrae
1070 2975 1126 3050 dia
1150 2975 1337 3068 respective

106 3087 263 3172 habeant,
291 3089 334 3162 ab
366 3089 534 3162 nonnullis
558 3089 593 3162 in
619 3087 759 3162 dubium
784 3093 977 3172 reuocatm,
1002 3093 1116 3160 utrum
1147 3088 1255 3180 ipsam
1281 3089 1336 3162 ln·

107 3199 306 3294 dulgeuhem
345 3201 529 3276 Plenariam
566 3219 628 3294 pro
665 3201 936 3294 supplicatione,
975 3217 1063 3292 qnae
1095 3199 1138 3272 ab
1171 3199 1336 3274 antedicta

109 3313 470 3388 hrhicnnlraternitate
494 3315 575 3387 laria
599 3321 696 3392 serta
720 3313 793 3388 beri
819 3315 920 3399 solet,
950 3329 1163 3397 concessam,
1196 3311 1336 3386 sodales

110 3427 269 3517 cmmoda
294 3428 625 3510 Conlratamitatum,
651 3434 747 3502 extra
777 3428 902 3502 Urbem
928 3425 1143 3500 existentium
1172 3425 1335 3518 consequi

112 3539 231 3614 saltant
255 3541 290 3614 in
317 3541 387 3614 sola
411 3541 557 3634 praelata
581 3541 663 3616 laria
688 3547 797 3626 serta,
824 3559 867 3613 an
892 3541 992 3613 eiiam
1022 3555 1236 3632 quacumque
1260 3537 1332 3624 dle,

115 3651 176 3724 sire
197 3653 283 3738 lesti,
310 3653 364 3726 uel
388 3661 533 3739 ootame,
559 3653 631 3726 siue
656 3654 741 3726 inira
761 3659 912 3726 octauam
935 3652 1142 3725 sanctissimi
1175 3651 1333 3744 Corporis

116 3761 222 3840 Christi
235 3766 518 3858 supplicationem
531 3766 668 3856 laciant;
694 3766 774 3839 ideo
793 3764 920 3839 adrem
934 3783 1070 3840 omnem
1086 3763 1334 3839 dilucidandam

117 3875 146 3948 in
156 3879 276 3954 Eadem
288 3879 363 3952 sac.
372 3879 634 3972 congregatione
647 3877 864 3970 indulgentiis
877 3877 1055 3970 sacrisque
1068 3876 1227 3968 lteliquiis
1240 3895 1336 3970 prae-

117 3995 210 4080 posita
234 3992 426 4066 discussum
444 3993 507 4066 luit
525 3991 666 4065 dubium
691 3993 770 4063 cdo
778 4009 846 4084 pro
860 3989 1097 4082 consequendo
1113 3989 1335 4082 indulgentia

119 4101 266 4178 Ριιιιιιιιια
283 4125 441 4180 cmtcosso
457 4125 525 4198 pro
549 4106 816 4198 supplicatione,
840 4101 1095 4194 ponebabatur
1118 4102 1206 4195 [ctio
1236 4107 1335 4176 secio

117 4221 182 4304 pos
207 4219 327 4312 {edum
355 4220 515 4312 Corporis
542 4217 668 4292 Christi
691 4218 728 4290 io
753 4216 905 4290 Ecclesia
932 4217 965 4290 s.
991 4213 1128 4291 Murice
1147 4232 1248 4307 cuper
1272 4214 1336 4290 dli·

124 4343 248 4406 ttrooot
266 4333 375 4418 liciis,
392 4334 581 4409 aecmsort'o
599 4333 643 4408 ob
662 4333 741 4410 cilis
757 4329 917 4409 Ecclesiis
928 4328 1055 4424 percpi
1075 4325 1197 4406 deiero
1213 4325 1335 4405 eodan
