3214 4928
813 401 991 450 ...qq-.-

289 553 309 605 a
344 521 400 608 dn
427 521 526 637 ipris
558 520 834 636 Pontificatus
863 520 1007 608 Nostri
1033 520 1287 639 primordiis
1322 550 1341 604 n
1378 517 1459 607 die
1489 527 1518 605 6

286 647 388 739 tatii
421 653 531 736 tuoe
560 647 670 738 datis
702 665 852 764 aperte
882 646 1034 766 liquet.

318 815 322 818 ·
366 775 437 866 Ab
469 775 698 866 erectionis
728 775 850 866 initio
875 777 1126 867 'adannum
1146 783 1253 868 tem
1280 805 1371 894 quo
1400 803 1517 863 anno

285 919 548 994 memoratos
562 904 744 996 ttichuei
766 905 959 1023 Angelus
979 902 1520 996 RicciusSecratariuuin

285 1048 354 1122 ter
367 1039 635 1150 purpuratos
647 1038 800 1124 Patres
821 1050 1045 1152 cooptatus
1067 1049 1148 1144 est,
1171 1033 1302 1124 Sacra
1327 1033 1520 1151 Gangre·

284 1159 398 1279 gotio
429 1159 593 1277 pluries
625 1161 786 1270 habita,
818 1161 943 1279 plura
974 1161 1104 1252 etiarn
1130 1157 1520 1280 promulgavitde·

285 1302 426 1378 nata..
445 1291 632 1378 acuere
643 1321 746 1378 cunr
763 1321 892 1380 nemo
909 1288 1116 1407 deinceps
1137 1305 1234 1407 post
1251 1287 1454 1378 Riecium·
1471 1286 1518 1376 in

284 1417 381 1533 ejus
402 1416 545 1507 iocum
561 1417 765 1511 suffectus
787 1417 933 1530 fuerit,
955 1417 1128 1535 penitus
1148 1414 1394 1506 intonuisse
1404 1418 1520 1508 Gon·

285 1545 478 1663 gregatio
498 1545 595 1654 init,
617 1547 759 1637 donec
779 1548 981 1638 Summus
1002 1545 1205 1635 Pontifex
1230 1543 1437 1636 Clemens
1454 1549 1519 1634 xl

190 1780 193 1786 Ι
291 1671 492 1788 ejusdum
535 1673 889 1793 Congregationis
939 1673 1239 1766 restituendae
1286 1671 1514 1776 cousiliunr

281 1799 442 1916 coepit,
457 1800 789 1919 constitutisque
805 1801 920 1890 iliius
940 1801 1167 1892 Praefecto
1183 1800 1280 1891 vim
1301 1800 1517 1921 dignitato

281 1928 409 2043 juxta
439 1962 488 2019 ac
513 1930 711 2020 doctrina
733 1929 887 2048 insigni
908 1933 1015 2020 Eliso
1035 1929 1224 2020 Domino
1245 1931 1413 2018 Juanrre
1433 1932 1519 2018 Ma·

286 2055 350 2145 ria
379 2055 512 2146 Tituli
542 2061 725 2150 Sanctae
755 2058 1053 2150 Pudentiauae
1084 2060 1128 2150 S.
1161 2061 1214 2149 a
1245 2061 1294 2148 Ε.
1328 2057 1520 2175 Presby-

286 2200 382 2274 tero
413 2181 630 2277 Cardinali
661 2187 915 2298 Gabriellio,
948 2205 992 2275 et
1023 2189 1268 2279 secretario
1300 2189 1430 2276 nse.
1457 2189 1514 2275 D.

286 2313 454 2403 Cosimo
485 2315 542 2406 de
572 2314 849 2437 Hieronymis
880 2317 1108 2435 utriusque
1144 2315 1401 2435 Signatume
1431 2318 1518 2404 ne-

286 2440 552 2554 ierendario,
569 2477 649 2535 nec
665 2477 751 2535 non
773 2445 866 2535 aliis
888 2445 1086 2556 adlectis,
1103 2459 1279 2562 praeter
1296 2443 1516 2562 antiquae,

287 2569 483 2662 Dominis
510 2573 812 2663 Cardinalibus
842 2591 887 2663 et
916 2572 1245 2664 Consultoribus
1274 2571 1521 2690 probatissi-

286 2696 384 2808 miS,
414 2697 550 2819 ipsam
576 2701 965 2822 Congregatiunem
996 2701 1054 2792 de
1084 2716 1257 2792 caetero
1285 2717 1414 2819 prout
1444 2732 1520 2790 re-.

286 2855 383 2912 rum
401 2826 770 2920 discutiendarum
792 2829 1023 2920 necessitas
1043 2827 1344 2949 postulaverit,
1365 2828 1521 2917 haberi

287 2954 526 3046 mandavit.
558 2957 611 3049 lis
643 2990 773 3076 porro
814 2957 889 3078 qui
911 2958 955 3048 in
977 2958 1181 3049 eumdem
1201 2959 1383 3048 Coetum
1415 2955 1521 3044 hoc-

287 3098 415 3172 tonus
443 3086 631 3202 cooptati
659 3103 800 3200 erant,
831 3117 881 3177 ac
902 3085 944 3174 in
966 3102 1189 3204 posterum
1210 3084 1398 3203 cooptati
1418 3082 1522 3172 iuis·

287 3227 385 3302 sent
412 3211 612 3305 levamen
644 3217 824 3336 aliquod
853 3214 1083 3326 allaturus,
1112 3217 1318 3324 Decreta,
1348 3211 1520 3324 Edicta,

285 3339 606 3455 Resolutionas,
622 3346 794 3466 aliaque
816 3360 908 3434 tum
930 3360 1079 3434 vetera
1101 3361 1191 3432 tum
1213 3342 1406 3433 recentia
1425 3373 1522 3430 mu·-

286 3485 493 3560 numenta
513 3473 569 3563 ad
590 3474 900 3595 Indulgentiae,
917 3474 1157 3590 sacrasque
1176 3469 1522 3588 Reliquiaszpen

288 3596 484 3708 tinentia,
506 3628 555 3690 ac
577 3633 628 3693 ea
649 3602 922 3721 praesertim,
953 3631 1067 3719 quae
1086 3598 1343 3690 decidendis
1371 3596 1523 3690 dubiis

288 3723 332 3811 in
363 3725 455 3844 ipsa
490 3731 837 3852 Congregatione
867 3729 1056 3850 proponi
1085 3728 1239 3838 solitis,
1268 3729 1522 3819 conducere

286 3872 482 3970 possunt,
514 3859 709 3978 nudique
731 3860 965 3982 diligenter
985 3856 1183 3976 conquiri
1206 3872 1250 3946 et
1269 3855 1352 3946 rite
1373 3885 1422 3945 ac
1442 3885 1522 3942 or-

285 3982 389 4073 dine
420 3982 591 4102 disponi
623 4007 754 4107 atque
784 3990 830 4079 in
862 3987 1073 4078 tabulario
1095 3985 1295 4104 ejusdem
1327 3986 1373 4076 S.
1397 3984 1520 4073 Con-

286 4111 547 4231 gregationis
570 4115 724 4236 reponi
743 4151 793 4208 ac
814 4115 980 4208 servari
997 4114 1141 4234 jussit.
1175 4113 1304 4226 Quod
1334 4111 1520 4231 quidem

284 4242 568 4359 sequentibus
598 4247 725 4340 etiam
757 4247 880 4338 annis
911 4277 1050 4363 usque
1081 4243 1124 4332 in
1156 4273 1363 4360 praesens
1384 4271 1517 4330 accu-
