3130 4920
793 344 1008 410 -280-

366 483 405 578 ln
429 481 484 554 die
507 479 711 577 indulgentia
739 478 898 552 Plenarin.

365 595 403 666 ln
428 592 711 685 subsequentibus
737 592 842 664 tribus
867 590 985 664 diebus
1010 589 1114 673 lestis,
1140 595 1173 661 et
1198 588 1232 660 iu
1257 587 1493 660 Circumcisione

292 723 331 780 ae
355 705 538 800 Epiphania
563 705 705 788 Domini,
731 721 793 776 nee
817 721 886 776 nou
903 703 938 774 in
955 701 1134 774 Dominicis
1159 701 1431 794 septuagesimae,
1447 701 1494 774 Se

292 819 493 912 ragesimae,
520 827 553 892 et
577 819 877 910 Quinquagesimae
893 815 1098 909 indulgentia
1124 816 1256 908 triginta
1281 833 1436 890 annorum
1450 823 1491 888 to·

291 929 463 1024 tidemque
488 929 787 1023 quadragenarum.

362 1044 400 1118 ln
425 1043 531 1118 tribus
557 1043 645 1116 leriis
671 1045 817 1129 Quatuor
845 1044 1065 1138 Temporum‚
1091 1041 1208 1117 decem
1233 1059 1396 1116 annorum
1430 1040 1493 1114 toti·

291 1152 438 1248 demque
463 1154 761 1248 quadragenarum.

363 1267 401 1341 ln
425 1267 509 1340 leste
535 1267 569 1340 S.
595 1268 695 1342 Marci
720 1269 844 1360 Evaug.
863 1287 901 1340 ac
917 1267 1023 1341 tribus
1048 1267 1138 1340 leriis
1161 1267 1381 1360 Rogationem
1401 1261 1497 1338 ludul-

289 1379 400 1471 gentio
424 1379 556 1471 triginta
581 1398 744 1452 annorum
768 1380 974 1472 totidemque
1000 1378 1301 1472 quadragenarum.

362 1492 527 1583 Factaque
552 1491 595 1565 de
618 1491 670 1564 his
696 1493 851 1565 omnibus
868 1511 928 1584 per
944 1511 1000 1565 me
1024 1491 1272 1584 infrascriptum
1289 1489 1437 1583 ejusdem
1452 1487 1497 1558 87-

289 1621 365 1676 erae
397 1603 667 1695 congregationis
697 1605 918 1678 secretarium
943 1604 1101 1677 relatione
1126 1604 1343 1678 sanctissimo
1374 1600 1496 1674 Domino

287 1713 406 1790 Nostro
431 1715 464 1788 in
490 1713 664 1805 bullientia
689 1715 753 1788 77777
781 1721 802 1786 tl
828 1716 903 1789 Jnlii
931 1720 1023 1786 l777
1051 1716 1214 1789 Sanctitas
1234 1716 1302 1788 Soa
1327 1713 1431 1807 Ipsius
1448 1711 1496 1782 Sa·

289 1845 365 1900 erae
391 1827 660 1919 congregationis
692 1829 816 1901 Votum
846 1828 991 1920 benigne
1021 1828 1232 1921 approbavit,
1258 1825 1408 1918 illudque
1434 1838 1498 1895 cum

288 1956 376 2011 novo
393 1939 676 2031 indulgentiarum
702 1941 927 2014 Statioualium
946 1941 1151 2032 praeinserto
1168 1939 1317 2012 Eleneho
1333 1931 1498 2032 pubblicari

288 2049 467 2136 mandavit,
485 2071 554 2125 non
579 2053 787 2126 obstantibus
812 2055 846 2125 77
864 2053 1065 2126 eontrarium
1082 2052 1277 2126 iacientibus
1299 2053 1499 2144 quibuscum·

288 2181 364 2253 que.
391 2164 509 2237 Datum
535 2166 660 2238 Romae
685 2183 727 2238 ex
754 2166 935 2240 8777777777
953 2165 1025 2239 877.
1053 2164 1327 2256 congregationis
1344 2160 1499 2251 indulgen·

287 2273 406 2348 tiarum
433 2275 486 2350 die
513 2282 534 2348 9
559 2276 635 2351 Julii
664 2269 769 2350 l777.

839 2477 842 2484 Ι
985 2389 1021 2460 L.
1040 2388 1142 2461 Cano.
1162 2387 1303 2460 Casurus
1323 2387 1439 2459 emer.

962 2502 991 2572 J.
1021 2501 1055 2573 G.
1082 2503 1132 2574 De
1159 2498 1318 2574 87777777
1345 2498 1460 2576 Senot

801 2695 995 2772 ccccxxi.

360 2835 470 2922 Quum
502 2838 575 2909 Soc.
609 2836 861 2930 congregationi
898 2838 1113 2930 indulgentiis
1147 2837 1327 2928 Sacrisque
1359 2826 1500 2922 lleliouiis

287 2949 493 3038 praepositae
518 2949 666 3022 nonnulli
692 2952 834 3042 porrecti
860 2949 983 3024 luerint
1007 2950 1176 3042 supplices
1201 2948 1313 3034 libelli,
1335 2948 1370 3020 iu
1394 2941 1500 3036 quibus

287 3060 540 3134 continebantur
569 3080 686 3154 preces
718 3063 760 3134 ab
793 3063 959 3154 aliquibus
985 3062 1049 3154 piis
1075 3069 1108 3136 et
1132 3062 1295 3153 religiosis
1329 3059 1408 3131 viris
1437 3068 1500 3125 ero·

286 3175 376 3243 ratae
402 3173 453 3244 777
470 3174 504 3246 77
520 3174 716 3247 memoriam
742 3175 910 3247 Passionis
932 3175 1054 3248 Christi
1070 3173 1213 3256 Domini,
1231 3173 1286 3246 vel
1302 3171 1500 3244 inhonorem

286 3282 491 3356 sanctissimi
516 3285 740 3360 Eucharistiae
766 3287 980 3368 sacramenti,
1008 3287 1061 3358 vel
1086 3285 1129 3358 acl
1153 3281 1397 3377 implorandam
1420 3279 1451 3349 B.
1467 3271 1499 3344 ll·

285 3393 407 3468 Mariae
433 3403 465 3469 et
490 3396 686 3472 Sanctorum
719 3417 819 3491 opem
849 3405 949 3490 atque
978 3396 1270 3480 intercessionem,
1301 3412 1363 3487 pro
1394 3386 1500 3482 quibus

285 3507 441 3600 precibus
472 3511 624 3602 specialis
649 3511 759 3603 aliqua
792 3511 921 3584 dierum
947 3511 999 3583 vel
1025 3528 1189 3582 annorum
1221 3504 1429 3598 indulgentia
1450 3514 1498 3591 po·

286 3618 486 3710 stulabatur;
513 3622 629 3695 eadem
663 3623 735 3695 See.
763 3623 980 3715 Congregauo
1012 3623 1123 3695 habita
1150 3621 1183 3693 in
1209 3620 1331 3692 Palatio
1359 3605 1499 3704 Quirinali

288 3728 342 3802 die
370 3736 388 3801 7
415 3732 491 3804 Julii
518 3738 623 3818 l777,
650 3741 686 3806 ut
712 3735 830 3807 iisdem
856 3735 1019 3808 instantiis
1045 3733 1185 3825 aliisque
1209 3732 1374 3806 similibus
1399 3729 1499 3815 iope

284 3848 412 3915 aterum
437 3845 595 3918 iaciendis
612 3848 810 3930 consuleret,
828 3847 974 3920 decrerit
999 3849 1142 3920 «Preces
1159 3847 1197 3918 77
1208 3844 1348 3938 publico
1370 3840 1498 3914 77777777·

286 3953 362 4039 dee,
376 3976 443 4048 pro
462 3960 581 4050 petbus
605 3961 732 4052 petitur
757 3959 977 4052 lrednlpentio
1004 3960 1205 4032 exibeantur
1216 3959 1315 4052 prins
1334 3957 1412 4028 877.
1431 3949 1500 4024 Coo·

285 4071 479 4158 prepotioni
495 4073 646 4155 77777777,
666 4075 797 4164 polluo,
815 4075 844 4147 si
862 4075 913 4146 ito
929 4075 972 4146 m·
987 4074 1096 4145 oisnrn
1112 4072 1227 4166 feerit,
1248 4067 1415 4164 probatas,
1434 4068 1499 4134 7777

284 4179 328 4252 77
347 4178 412 4254 boc
431 4185 507 4256 877.
532 4185 802 4278 congregatione
826 4188 1066 4259 examinentur
1082 4189 1200 4258 etrum
1216 4180 1380 4277 expediet
1395 4173 1499 4251 iisne

284 4293 461 4384 applicare
478 4297 615 4388 7777777
631 4297 867 4390 indulgentius
880 4328 913 4370 7.
932 4297 979 4370 lle
1006 4298 1128 4390 quibus
1146 4296 1229 4373 lacta
1253 4295 1412 4372 relatione
1432 4285 1499 4360 Scit·
