3346 4924
674 355 892 424 -srr-

164 495 332 584 nonanus
357 508 442 583 opus
466 491 519 575 sit,
546 492 726 583 praefatam
751 491 1086 566 communicationem
1111 492 1314 584 abrogando,
1341 491 1404 568 be·

165 606 269 696 aigae
294 598 740 702 declararit'Pririlegiatnm
767 605 996 698 qnotidianam
1022 613 1324 698 praememoratam
1346 607 1402 680 ll·

166 723 237 790 tere
264 717 372 808 majas
398 716 564 790 Ecclesiae
589 716 783 790 lionialiam
802 718 836 790 S.
855 717 1013 791 Bernardi
1038 735 1100 811 pro
1124 717 1244 803 Missis,
1262 735 1349 810 qnae
1369 719 1402 791 in

166 829 287 904 codem
314 847 333 902 a
359 847 574 922 quocumque
599 830 780 904 Sacerdote
806 831 877 904 sive
910 831 1080 916 saeculari,
1107 832 1179 906 siro
1203 832 1344 924 regulari
1369 832 1403 906 in

163 943 360 1034 suffragium
385 941 533 1016 fidelium
560 942 791 1028 detunctorum
817 942 1094 1029 celebrabantur,
1120 963 1158 1017 ea
1184 949 1296 1018 temen
1321 961 1401 1018 eon·

164 1053 301 1139 maone,
318 1061 356 1128 at
373 1055 415 1128 ab
433 1055 506 1147 ipso
533 1055 645 1140 altari,
671 1057 776 1130 reteri
801 1065 921 1141 amota,
939 1057 967 1128 si
985 1075 1052 1149 qna
1068 1057 1121 1140 sit,
1139 1075 1225 1130 nora
1251 1055 1402 1148 affigatur

162 1167 284 1242 abela
309 1168 411 1260 haias
435 1167 626 1243 Pontificiee
651 1169 863 1262 elargitionis
891 1170 1060 1246 Praesenti
1076 1169 1110 1242 in
1127 1177 1328 1263 perpetuam
1344 1189 1401 1244 ra·

161 1280 263 1354 lituro
288 1281 417 1373 absque
442 1281 508 1354 alla
532 1283 646 1355 Brevis
672 1282 895 1375 expeditione.
921 1283 996 1356 Non
1020 1283 1230 1358 obstentibas
1254 1283 1289 1356 io
1320 1300 1400 1358 con·

160 1395 300 1468 traciam
326 1395 523 1470 iacientibus
549 1395 831 1488 quibuscamque.

206 1548 212 1560 ·
236 1507 357 1580 Datum
374 1508 499 1581 nomae
515 1525 560 1581 ex
574 1509 759 1582 secretaria
785 1507 937 1600 ejusdem
954 1509 1030 1582 Sao.
1055 1507 1329 1601 congregationis
1344 1509 1398 1582 ln·

158 1616 404 1712 dulgentiamm
429 1619 484 1694 die
513 1625 556 1694 ll
583 1621 705 1714 Aprilis
734 1626 839 1694 teto.

858 1734 895 1808 P.
921 1733 1025 1808 Cana
1050 1733 1223 1818 mantas
1248 1735 1371 1808 Pater.

917 1847 958 1919 Α.
987 1846 1149 1922 Colornlo
1176 1849 1300 1922 secret

707 2041 848 2118 natm.

659 2188 894 2244 rantmasmn.

235 2292 399 2378 mancis
425 2293 592 2366 nonnnlla
618 2290 724 2366 datia
748 2295 785 2367 in
803 2296 913 2368 Sacro
930 2291 1228 2386 lnanlpentiaran
1246 2293 1393 2386 conpre·

1 2403 2 2428 ¹
156 2405 300 2498 potione
325 2404 380 2478 alie
406 2411 427 2476 it
454 2407 575 2480 Martii
602 2410 695 2478 teet
723 2405 819 2499 apori
850 2406 1050 2478 Vaticanum
1075 2405 1195 2480 tabita
1211 2407 1394 2502 proposita

154 2518 316 2612 [nioman
350 2519 387 2592 in
411 2518 580 2593 relatione
605 2523 720 2594 tamen
748 2519 965 2592 sanctissimo
998 2519 1145 2592 Ilorrn'no
1177 2520 1304 2592 Nostro
1330 2519 1393 2594 Pio

152 2631 227 2704 PP.
253 2631 306 2704 tn
330 2631 375 2706 alr
401 2630 622 2724 infrascripto
647 2629 829 2704 cardinali
853 2631 1030 2724 Praefecto
1056 2630 1110 2704 dia
1136 2635 1182 2704 26
1207 2631 1291 2704 lolii
1310 2630 1394 2721 ejas

156 2739 236 2816 derra
261 2745 345 2816 anni
365 2747 523 2836 peracta,
543 2743 714 2816 Sanctitas
742 2744 813 2816 Sao
833 2742 1118 2836 praecipiendam
1134 2763 1202 2818 erae
1219 2741 1330 2825 danie,
1352 2747 1392 2818 nl

153 2855 194 2930 in
218 2855 293 2930 alia
320 2855 591 2948 Conprepatione
607 2857 731 2929 iterant
743 2861 1031 2948 proponerentur,
1049 2855 1170 2931 addito
1192 2873 1325 2948 paeane
1341 2857 1392 2929 al·

153 2969 260 3042 nram
274 2969 495 3042 'Cornelianis
509 2973 599 3043 noto.
618 2969 700 3061 Ipsa
716 2987 796 3042 nero
816 2965 923 3044 catto
934 2969 1190 3062 perspicuitatis
1215 2969 1333 3062 pratia
1353 2971 1391 3044 in

151 3083 330 3156 meliorem
353 3081 503 3176 [marn
528 3080 673 3158 redacta
697 3081 835 3174 [nerant
858 3081 911 3153 nti
934 3086 1130 3171 seponatur.

230 3192 492 3268 l.⁰1lnSodolec
508 3193 668 3268 Tertiarr'i
683 3191 863 3266 Ordinias.
872 3192 1267 3267 FranciaciAceiseinatia
1281 3193 1390 3284 arias·

151 3323 296 3398 campan
311 3305 516 3382 Provinciae
531 3306 609 3388 sint,
628 3305 851 3398 lucrifaciant
867 3304 1048 3386 Statim
1069 3303 1317 3398 Indalpenn'ao,
1334 3321 1388 3378 re·

149 3421 326 3494 mistiones
351 3425 424 3494 tarn
453 3420 560 3502 artis,
583 3437 688 3511 qnam
705 3419 809 3492 ctione
826 3417 1081 3500 Partinncnlae
1097 3419 1167 3492 siae
1186 3415 1387 3498 tamenn,

150 3537 185 3606 et
211 3535 246 3605 S.
271 3533 391 3606 iacobi
406 3534 444 3608 in
462 3532 688 3625 compostella
704 3529 883 3604 recitando
905 3547 968 3604 sex
985 3531 1092 3616 Pater,
1108 3529 1180 3604 Are
1205 3535 1238 3605 et
1266 3527 1387 3616 Gloria,

149 3645 279 3720 scilicet
303 3645 450 3737 qninpae
474 3665 542 3739 pro
576 3645 668 3739 salici
696 3648 788 3718 stata
815 3645 849 3716 S.
880 3642 1004 3718 Matris
1028 3643 1222 3725 melaniae,
1254 3643 1387 3716 amman

149 3764 268 3831 antem
287 3777 356 3850 pro
381 3759 565 3831 intentione
592 3757 724 3830 Saroni
748 3755 920 3848 Pontificio
946 3755 1184 3830 concedentis?

226 3875 259 3943 2.
286 3871 340 3942 ln
365 3868 508 3947 nortales
534 3869 734 3962 Scapulanis
753 3868 909 3942 Gocrnlei
924 3869 1175 3942 immaculatae
1194 3866 1388 3959 conceptio·

147 3985 202 4056 nis
226 3982 404 4056 recitante
421 4001 482 4056 sea
501 3984 606 4068 Pater,
632 3981 704 4054 lae
721 3986 753 4054 et
769 3980 880 4054 Gloria
897 3982 934 4054 in
956 3979 1118 4056 aaaron
1145 3979 1386 4054 Sanctnairnae

152 4098 341 4179 limitatio,
360 4101 392 4169 et
408 4096 582 4188 Dciparac
613 4095 758 4188 Virpinia
782 4094 1043 4175 Imnocalatoe,
1071 4091 1204 4166 orando
1217 4111 1285 4186 pro
1303 4089 1386 4164 itae·

147 4227 262 4284 reaten
278 4209 520 4302 aatlrpolione,
532 4207 766 4281 Eccitationie
781 4208 814 4279 S.
832 4205 955 4280 Matris
968 4206 1150 4287 Ecclesiae,
1168 4208 1271 4296 atpnc
1289 4201 1386 4275 Ciri-

146 4324 340 4397 stianornrn
362 4321 559 4415 Paincipnm
581 4339 669 4418 pace
695 4324 726 4394 et
752 4317 937 4394 concordio
963 4337 1077 4393 omnes
1095 4317 1314 4412 lncrisociant
1330 4315 1384 4387 ln·
