3182 4922
793 367 1013 436 -ttne-

364 505 384 574 i
410 502 552 594 Insuper
568 502 733 576 Sanctitas
749 503 817 575 Sua
833 504 990 578 omnibus
1002 501 1177 594 utriusque
1193 519 1296 578 sexus
1313 501 1494 578 mittete

294 613 383 686 libus
408 615 482 706 piac
515 615 670 690 Societati
703 614 876 710 adscriptis
908 616 1054 708 benigne
1087 616 1251 690 concessit
1278 615 1498 708 indulgentiam

288 727 475 800 plenariam
500 728 534 800 in
562 729 680 801 mortis
698 730 834 803 articulo
859 729 1108 821 acquirendam,
1121 728 1305 803 dnmmodo
1329 736 1433 803 tamen
1446 728 1498 802 rite

287 837 438 933 dispositi
463 839 602 926 luerint,
629 842 683 914 vel
714 841 831 915 saitem
857 841 1110 915 sanctissimum
1135 843 1214 916 lesu
1244 841 1371 918 Nomen
1394 839 1498 925 corde,

286 951 315 1022 si
340 970 399 1026 ore
424 953 652 1043 nequiverint,
680 953 799 1027 denote
824 955 1059 1029 invocaverint.

362 1064 558 1137 blandem
592 1067 846 1150 Sanctitassua
873 1067 1053 1140 clementor
1082 1067 1246 1141 concessit
1277 1065 1499 1158 indulgentiam

287 1182 421 1250 centum
448 1175 579 1252 dierum
605 1177 647 1251 ab
672 1196 878 1270 unoquoque
895 1197 938 1252 ex
956 1178 1130 1272 adscriptis
1150 1177 1355 1263 lucrandam,
1376 1177 1500 1270 quoties,

287 1287 423 1361 condem
449 1289 566 1362 saltem
584 1291 735 1375 contrito,
753 1291 973 1384 praescriptas
990 1309 1107 1384 preces
1124 1293 1229 1366 Pater
1252 1305 1385 1385 nempe,
1399 1296 1429 1363 et
1442 1291 1500 1362 loo

286 1417 364 1472 curn
388 1401 599 1476 invocatione
626 1403 659 1476 S.
686 1405 866 1476 boccbce
891 1403 1021 1478 locui
1046 1424 1111 1477 nra
1132 1424 1198 1497 pro
1231 1405 1331 1478 nobis
1362 1403 1500 1486 recitare·

285 1513 368 1596 rint,
395 1513 448 1586 nel
473 1515 617 1605 aliquam
643 1514 890 1607 eleemosynam
918 1516 1116 1606 (contrariis
1150 1515 1417 1608 quibuscumque
1444 1529 1501 1586 non

286 1624 514 1714 obstantibus)
531 1633 663 1718 praeter
679 1627 817 1702 obulum
836 1627 1124 1712 hebdomadalem,
1142 1635 1175 1702 et
1191 1629 1225 1700 in
1242 1628 1399 1702 eumdem
1415 1627 1501 1700 linem

285 1739 621 1826 subministraverint,
648 1742 700 1814 vel
727 1741 872 1833 denique
889 1739 1061 1834 quodlibet
1086 1741 1174 1816 aliud
1199 1739 1502 1828 moecenatem

284 1851 389 1924 uitatis
414 1870 500 1945 opus
525 1855 701 1946 peregerit.

359 1968 381 2034 d
406 1965 470 2052 Qui
495 1983 575 2038 vcro
600 1967 687 2040 inter
711 1965 896 2060 adscriptos
922 1966 1121 2040 infirmitatis
1146 1985 1256 2052 causa,
1288 1965 1344 2042 v'el
1369 1967 1444 2042 atus
1464 1965 1502 2038 le·

285 2075 397 2168 gitime
430 2077 552 2150 luerint
581 2078 732 2171 impediti
757 2077 799 2150 ad
823 2077 1021 2152 visitandam
1047 2080 1286 2172 praescriptam
1320 2078 1502 2160 Ecclesiam,

284 2205 346 2262 seu
371 2189 542 2282 publicum
568 2191 766 2276 oratorium,
785 2192 884 2264 etiam
902 2192 980 2284 quia
997 2193 1130 2284 propria
1155 2192 1305 2266 Ecclesia
1322 2187 1503 2265 Pannonicis

283 2300 379 2374 valde
404 2301 585 2375 admodum
604 2303 713 2389 distet,
733 2303 926 2397 exspectati
951 2305 1137 2377 sanctitatis
1154 2305 1242 2377 Suae
1260 2304 1367 2396 gratia
1384 2301 1504 2380 casdem

283 2413 508 2505 indulgentias
534 2416 653 2488 lucrari
679 2424 837 2509 possunt,
864 2415 1049 2490 dummodo
1073 2423 1186 2492 umen
1215 2407 1370 2491 'caeteras
1401 2429 1503 2488 omncs

282 2526 489 2601 conditiones
515 2529 746 2622 adimplentes,
773 2531 835 2602 alia
860 2529 913 2622 pia
935 2547 1048 2622 opera,
1075 2529 1127 2604 nel
1153 2547 1271 2622 preces
1288 2550 1308 2603 a
1326 2525 1504 2623 respectiris

231 2633 235 2642 “
282 2637 500 2713 Conlessariis
526 2643 748 2736 injungendas
765 2643 998 2736 praestiterint.
1016 2642 1126 2734 Atque
1143 2644 1242 2716 etiarn
1268 2645 1432 2718 Sanctitas
1447 2641 1503 2712 Sua

280 2752 427 2844 benigne
451 2753 597 2841 indulsit,
624 2765 662 2831 ut
678 2757 834 2848 adscripti
861 2754 1110 2840 christifideles,
1129 2756 1187 2846 qui
1204 2757 1257 2828 tel
1283 2757 1330 2830 ob
1348 2753 1504 2848 physicam

280 2863 523 2957 infirmitatem,
551 2869 603 2942 vel
628 2871 673 2943 ob
699 2869 996 2960 aliudlegitimum
1030 2867 1308 2959 impedimentum
1344 2865 1504 2942 enunciato

280 2975 403 3049 l'riduo
417 2984 493 3052 ante
511 2979 579 3054 duo
596 2982 679 3056 testa
697 2980 901 3054 inventionis
918 2979 1152 3052 Sanctissimae
1170 2980 1298 3064 Crucis,
1312 2997 1353 3054 ac
1369 2980 1403 3051 S.
1420 2977 1506 3048 an·

279 3088 359 3160 cisci
384 3089 529 3176 llanerii,
557 3113 576 3166 a
601 3094 656 3186 pia
682 3093 856 3175 societate,
883 3098 920 3164 ut
945 3109 1048 3183 supra
1073 3090 1197 3165 dictum
1224 3099 1286 3175 est,
1319 3083 1505 3166 celebrando

277 3199 441 3275 interesse
466 3213 647 3296 nequeant,
674 3205 884 3280 enunciatam
900 3203 1118 3278 nibilominus
1142 3209 1372 3278 tercentorum
1389 3201 1504 3276 dierum

276 3311 520 3406 indulgentiam
553 3319 717 3412 consequi
748 3319 897 3403 ualeant,
931 3315 1114 3390 dummodo
1146 3317 1302 3412 privatim
1335 3312 1505 3410 respectio

276 3425 398 3520 'lbidua
423 3438 593 3522 peragent.

351 3543 371 3610 7
399 3539 573 3615 Praeterea
598 3543 761 3617 Sanctitas
786 3543 854 3616 Sua
879 3542 1025 3634 benigne
1042 3541 1228 3627 concessit,
1252 3549 1291 3616 ut
1316 3559 1436 3616 omnes
1458 3533 1503 3610 ad

273 3650 387 3743 scripti
412 3647 721 3747 utriusque'sexus,
740 3657 799 3749 qui
815 3656 850 3726 ln
867 3649 1038 3746 religiosis
1051 3651 1227 3740 Domitius,
1245 3655 1414 3747 collegiis,
1429 3652 1502 3726 cun·

275 3765 476 3851 servatoriis,
504 3769 646 3860 aliisque
671 3769 753 3842 locis
779 3768 854 3862 piis,
882 3785 1002 3841 omnes
1028 3769 1164 3852 scilicet,
1191 3767 1249 3860 qui
1266 3769 1302 3841 in
1322 3761 1502 3842 common·

275 3879 356 3958 tote,
383 3883 421 3951 ut
446 3879 547 3971 vulgo
573 3881 750 3974 appellant,
778 3881 880 3953 ritarn
906 3879 1045 3972 degunt,
1071 3879 1237 3973 praefatas
1262 3898 1384 3954 omnes
1408 3871 1505 3952 ludul-

273 3989 402 4077 geutias
429 3990 549 4066 lucrari
575 3993 706 4088 possint
731 3994 902 4088 propriam
933 3993 1133 4079 Ecclesiam,
1168 3993 1221 4066 rel
1255 4012 1293 4068 ea
1327 3991 1502 4068 deflente

273 4098 372 4172 etiam
397 4105 567 4195 privatum
593 4105 731 4192 domne,
758 4125 825 4200 qua
851 4105 977 4198 degunt
1002 4106 1209 4190 oratorium,
1235 4123 1297 4180 seu
1323 4101 1505 4200 cappulam

271 4209 447 4301 visitando,
476 4203 603 4310 ibique,
630 4225 668 4292 nt
694 4217 775 4292 alias
798 4219 867 4311 jam
893 4217 1018 4292 dictum
1045 4225 1106 4303 est,
1133 4215 1279 4303 orando,
1304 4217 1382 4292 loco
1406 4213 1503 4288 risita-

271 4319 370 4398 donis
396 4328 553 4422 ejusdem
577 4331 614 4406 iu
637 4331 842 4426 praescripta
866 4329 1025 4422 Ecclesia,
1043 4332 1097 4406 rel
1122 4331 1274 4406 oratorio
1297 4327 1435 4428 publico
1454 4340 1504 4420 pe
