3134 4918
585 385 801 452 -389-

99 516 197 588 cernit.
220 515 341 590 ilatum
366 518 492 591 llornae
516 535 560 591 cu
585 519 767 592 secretaria
793 519 1303 613 sac.congregationls1ndulg.

99 645 129 702 ac
149 629 214 704 Sao.
240 629 468 724 lleliqniarnm
492 630 547 705 die
575 635 619 706 le
644 633 733 706 lunii
760 636 865 706 leel.

659 743 700 818 Α.
728 744 830 818 Gran.
856 747 989 819 Fnosnu
1013 744 1135 818 Pmnr.

587 858 627 930 L.
656 856 814 952 Arcblep.
841 857 1054 932 Athenarum
1077 855 1203 934 Secret.

611 1052 765 1128 CDLXV.

546 1199 661 1252 sillem
686 1201 834 1254 sulamiti

151 1301 231 1375 Com
249 1305 338 1377 sicot
354 1305 571 1378 sanctissimo
587 1307 730 1380 Domino
746 1307 866 1383 Nostro
882 1309 1042 1401 Gregorio
1059 1309 1120 1383 PP.
1137 1307 1214 1381 Xlll
1234 1314 1306 1381 tum

91 1413 223 1502 boatus,
252 1423 324 1490 tum
350 1416 498 1511 Populus
525 1419 672 1494 Civitatis
698 1427 732 1494 et
756 1421 925 1494 llioeoesis
942 1423 1053 1496 Sancti
1078 1421 1227 1495 Severini
1244 1419 1307 1493 bn«

90 1527 207 1602 nllllme
239 1539 487 1623 exposuerant,
514 1531 607 1624 quod
631 1540 668 1607 ut
699 1534 807 1625 magis
840 1533 1109 1608 Cbristilidelium
1139 1535 1244 1628 pietas
1269 1551 1309 1605 ao

91 1637 203 1716 dorolio
216 1642 476 1719 'incrementum
506 1645 666 1738 suscipiat
695 1664 774 1738 erga
801 1647 978 1740 lleiparam
1003 1647 1189 1739 Virginem,
1216 1663 1309 1740 prae

90 1754 187 1826 sertim
204 1756 270 1830 snb
289 1757 500 1832 invocatione
517 1759 551 1831 S.
570 1759 692 1834 llariae
709 1759 907 1844 Gratiarum,
924 1777 1011 1852 quae
1027 1759 1203 1852 bucusque
1219 1775 1310 1832 snm·

88 1882 132 1936 na
153 1869 367 1943 veneratione
393 1869 511 1944 colitur
535 1871 569 1943 in
595 1871 743 1944 Ecclesia
768 1872 802 1944 S.
828 1872 994 1946 Recessus
1019 1872 1170 1945 Fratrum
1189 1871 1307 1944 blinor.

89 1976 266 2053 obsonant.
297 2000 401 2074 propo
427 1981 547 2055 dictem
576 1981 752 2068 civitatem,
779 2003 881 2074 quarn
906 1984 1052 2057 maxime
1081 1983 1308 2057 necessarium
1342 2049 1344 2054 ,

87 2087 238 2164 rideretur
264 2093 355 2164 ulan
383 2112 469 2185 quae
494 2093 596 2166 modo
622 2093 763 2166 difficilis
787 2095 976 2187 praebetur,
1003 2094 1163 2167 industria
1181 2101 1215 2167 et
1239 2100 1308 2168 arte

89 2211 293 2291 prosternere
320 2212 353 2278 et
378 2205 420 2279 ad
445 2224 531 2298 opus
548 2205 788 2298 perficiendum
814 2207 991 2280 nonnullas
1011 2206 1235 2297 indulgentias
1251 2223 1309 2297 po

88 2314 257 2407 stolabant3
286 2317 366 2389 bine
392 2317 555 2391 Sanctitas
571 2319 639 2391 Sua
655 2319 912 2411 supplicantium
938 2319 1045 2392 uelum
1071 2317 1251 2411 plurimum
1274 2316 1307 2388 in

86 2423 211 2502 lloruino
246 2430 511 2514 commendans,
538 2436 571 2503 et
595 2430 743 2503 fidelium
776 2431 980 2522 Religionem
1010 2429 1203 2503 coelestium
1232 2445 1307 2500 mu·

86 2553 188 2612 nerom
221 2541 397 2633 largitione
422 2541 541 2615 lovere
565 2549 599 2615 el
623 2543 768 2616 excitare
800 2543 933 2626 volens,
959 2548 1064 2634 utque
1095 2539 1309 2613 Beatissimae

86 2646 197 2742 Virgini
222 2671 392 2745 perennes
424 2653 683 2746 supplicationes
710 2654 752 2727 ab
777 2654 935 2728 omnibus
965 2653 1176 2746 porrigantur
1206 2649 1308 2724 rebe·
1371 2707 1380 2732 .

85 2770 201 2838 menter
234 2773 423 2860 exoptans,
450 2767 608 2840 omnibns
640 2765 937 2853 christifidelibus,
968 2767 1026 2858 qoi
1050 2773 1088 2840 ut
1116 2765 1242 2839 lacllius
1267 2762 1311 2836 ad

86 2879 287 2952 enunciatum
304 2881 486 2954 llecessum
513 2879 641 2953 cunctis
668 2879 777 2953 aditus
802 2880 947 2974 patebat,
973 2879 1143 2954 laboribus
1164 2884 1308 2952 tantom-

85 2988 173 3063 modo
197 3010 235 3065 se
262 2991 307 3066 ad
331 2992 517 3086 praelatum
542 2993 604 3067 iter
629 2990 846 3066 stemondum
873 2992 1123 3086 praestaverint,
1146 2992 1311 3084 quiuqua-

86 3099 162 3189 ginta
185 3103 319 3178 dierum
345 3104 588 3197 indulgentiam
615 3105 754 3196 singulis
776 3107 905 3177 tantum
929 3102 1049 3178 diebus
1074 3103 1242 3176 latialibus
1257 3101 1308 3174 lu·

85 3211 306 3290 mlaciendam
335 3224 547 3310 paramentcr
572 3223 623 3290 est
648 3217 846 3310 impertitus.
877 3216 921 3289 lis
947 3233 1027 3288 vero
1053 3215 1111 3305 qoi
1141 3212 1183 3286 ad
1213 3231 1308 3306 prae·

84 3321 241 3402 laudatum
268 3347 354 3422 opus
380 3327 622 3404 absolvendum
650 3330 828 3423 praecipua
853 3325 997 3420 quadam
1033 3325 1224 3400 assiduitate
1248 3342 1311 3417 per

85 3435 285 3514 buranum
320 3441 582 3527 determinanda,
610 3443 821 3526 intenderint,
858 3440 1043 3514 Plenariam
1068 3437 1310 3529 indulgentiam

84 3550 169 3624 unica
195 3553 371 3627 dumtaxat
396 3555 469 3627 vioe
494 3554 688 3647 huiusmodi
715 3555 827 3648 operis
852 3559 1003 3646 tempore
1027 3550 1238 3645 perdurante,
1256 3547 1310 3622 die

84 3663 339 3758 uniuscnjusque
356 3667 491 3740 arbitrio
508 3665 669 3760 eligenda,
689 3668 722 3740 in
741 3687 806 3759 qua
825 3683 904 3740 rere
929 3667 1138 3759 poenitentes
1154 3659 1309 3744 comessi,

84 3789 235 3869 sacraque
259 3778 383 3852 luerint
400 3779 643 3852 communione
670 3779 794 3864 relecti,
821 3785 855 3852 el
880 3778 1026 3870 aliquam
1051 3774 1242 3856 Ecclesiam,
1258 3771 1311 3842 ni-

84 3883 261 3974 sitarerinl,
289 3891 402 3982 ibique
427 3909 488 3984 per
513 3891 648 3982 aliquod
679 3891 840 3984 temporis
867 3890 1012 3984 spatium
1036 3889 1133 3979 juxta
1162 3889 1309 3956 mentem

85 3997 226 4087 ejusdem
251 4003 440 4076 sanctitatis
453 4018 458 4029 ’
473 4005 561 4077 Suae
585 4005 657 4096 pias
683 4002 726 4076 ad
751 4005 858 4078 Deum
892 4019 1011 4096 preces
1041 3996 1219 4072 effuderint
1244 3996 1309 4069 ole-

84 4119 203 4187 nenter
236 4122 288 4188 est
319 4116 494 4207 elargitus,
525 4134 603 4188 cnm
632 4116 785 4190 facultate
812 4132 949 4207 quoque
983 4110 1168 4206 praedictas
1202 4105 1312 4182 lndnl·

85 4228 212 4312 gentlas,
239 4228 311 4302 siue
332 4229 517 4314 partialem,
544 4230 615 4304 sive
641 4230 827 4304 Plenariam
854 4226 1031 4301 animabus
1057 4224 1091 4296 in
1118 4221 1311 4314 Purgatorio

86 4332 217 4415 detentis
250 4339 447 4434 applicandi.
477 4342 551 4416 Non
584 4342 794 4422 obstantibus
820 4341 855 4415 in
880 4337 1083 4416 contrarium
1115 4332 1310 4408 laetentibus
