3164 4926
779 333 996 400 -leu-

274 485 342 550 tem
367 490 532 548 annornm
557 472 764 563 totidemque
789 469 1094 560 Quadragenarum.
1116 471 1257 562 Insuper
1276 469 1449 553 confessis,
1471 488 1519 542 ac

272 589 307 662 S.
334 586 578 661 commuuione
604 584 752 667 refectis,
779 583 836 674 qni
863 582 1071 673 Expositioni
1096 581 1304 654 Venerabilis
1330 580 1519 656 occasione

272 699 421 775 exercitii
446 698 557 771 Bonae
577 697 692 770 Mortis
713 695 748 768 in
773 713 841 768 una
867 693 1052 778 festivitate,
1075 693 1127 766 uel
1146 693 1201 765 die
1219 692 1394 783 cujuslibet
1412 711 1519 768 men-

270 813 318 885 sis
344 811 448 884 semel
474 827 534 902 per
560 807 771 882 ordinarium
790 805 998 898 designanda
1010 805 1046 876 in
1058 805 1205 897 praefata
1224 804 1372 876 Ecclesia
1383 803 1520 878 facien-

271 923 334 996 dae
358 921 578 1006 interfuerint,
605 919 719 1012 ibique
744 926 781 991 nt
801 936 903 1010 supra
923 917 1099 998 oraverint,
1121 917 1158 988 in
1175 935 1243 989 nna
1263 915 1440 989 festivitate
1452 919 1520 990 vel

271 1034 325 1108 die
350 1035 451 1108 unius
476 1033 601 1108 Mensis
633 1051 694 1125 per
721 1029 934 1104 ordinarium
960 1029 1111 1122 eligenda
1142 1028 1346 1110 Plenariam,
1372 1028 1407 1100 in
1422 1029 1521 1100 aliis

271 1165 351 1220 vero
368 1146 507 1237 singulis
528 1145 685 1218 undecim
706 1145 947 1228 festivitatibus,
967 1143 1019 1216 uel
1041 1141 1161 1216 diebus
1178 1147 1309 1234 septem
1327 1159 1520 1227 annornm,

269 1259 476 1350 totidemque
495 1257 790 1350 Quadragenarum
809 1255 1065 1348 indulgentiam.
1089 1256 1179 1341 Quas
1199 1254 1299 1328 eliam
1319 1254 1522 1328 animabus

270 1369 433 1444 Fidelium
449 1371 691 1444 Defunctorum
710 1389 770 1461 per
788 1369 926 1442 mudum
946 1368 1093 1459 suffragii
1112 1367 1277 1460 applicare
1295 1368 1426 1442 valeant
1444 1369 1524 1443 cle-

270 1489 400 1558 menter
425 1483 600 1564 concessit,
628 1489 728 1572 atque
754 1481 899 1554 indulsit.
926 1481 1107 1572 voluitque
1134 1481 1298 1554 Sanctitas
1325 1482 1393 1554 Sua
1418 1481 1522 1554 hanc

270 1595 409 1686 gratiam
429 1593 482 1666 vel
496 1594 616 1684 gratias
637 1594 765 1682 absque
786 1592 851 1664 ulla
867 1592 981 1665 Brevis
999 1590 1231 1682 expedictione
1248 1591 1433 1684 suflragari,
1452 1593 1522 1664 ha-

270 1725 415 1799 rumque
441 1706 622 1778 litterarnm
645 1707 809 1796 exemplis
835 1705 935 1778 etiam
961 1705 1135 1796 impressis
1157 1723 1259 1778 manu
1280 1705 1418 1797 alicujus
1444 1706 1522 1779 Nn—

269 1819 342 1894 tarii
366 1817 490 1909 publici
515 1817 712 1908 subscriptis
734 1823 768 1888 et
793 1817 899 1907 sigillo
923 1815 1074 1907 ejusdem
1097 1815 1150 1887 vel
1175 1833 1237 1906 pro
1263 1820 1415 1908 limpore
1436 1817 1515 1888 exi·

270 1930 388 2004 stantis
413 1929 569 2020 Episcopi
586 1929 739 2002 Fesulani
767 1929 913 2012 munilia,
941 1927 1095 2000 eamdem
1122 1927 1274 2001 adbiberi
1299 1927 1401 2001 fidem
1419 1947 1521 2020 quae

269 2041 482 2114 adhiberetur·
508 2040 560 2112 his
586 2040 818 2132 praesentibus
844 2040 875 2111 sl
901 2041 1009 2112 forent
1035 2039 1182 2112 exibitae
1209 2040 1263 2112 vel
1289 2046 1457 2113 ostensae.

812 2153 977 2224 Hernicus
1002 2152 1106 2225 Coun.
1133 2152 1406 2224 Pan-Parmam.

782 2264 821 2335 al.
849 2265 895 2336 df.
921 2263 1017 2336 Erbo
1041 2265 1135 2336 Prot.
1162 2264 1278 2356 Apuxl.
1307 2265 1431 2338 Sorof.

793 2425 972 2533 'cxxxrx

344 2600 429 2674 Cuxn
458 2603 493 2672 in
519 2600 791 2674 concessionibus
822 2600 865 2674 ab
895 2600 1081 2693 Apostolica
1115 2601 1204 2674 Sede
1238 2600 1416 2675 Sodalibus
1449 2601 1521 2676 dx-

270 2713 605 2788 ohicenfraternitatis
630 2721 664 2786 et
689 2711 924 2786 sodalitiorum
956 2713 1165 2786 sanctissimi
1179 2719 1182 2726 '
1196 2714 1424 2788 Eucharistiae
1451 2715 1520 2788 Sa-

271 2824 434 2898 cramenli
458 2823 621 2897 hactenus
646 2824 739 2898 factis
757 2825 902 2916 aliquam
919 2824 1056 2916 quidem
1083 2843 1160 2898 esse
1183 2825 1428 2918 indulgentiam
1445 2849 1520 2922 pro

269 2935 438 3010 nonnullis
463 2936 649 3028 specialiter
675 2937 864 3027 expressis,
890 2955 959 3010 non
984 2943 1098 3009 antem
1122 2955 1184 3028 pro
1209 2939 1376 3012 universis
1402 2940 1520 3014 chari-

271 3047 362 3130 talis,
388 3064 450 3119 sen
476 3046 606 3139 pietatis
632 3048 792 3140 operibus
818 3049 852 3120 in
878 3048 983 3120 lorma
1010 3048 1150 3140 singulis
1176 3049 1519 3126 confraternitatibus

270 3158 408 3234 concedi
433 3160 528 3233 solita
554 3161 750 3252 generaliter·
776 3161 1047 3234 animadversum
1075 3161 1189 3251 fuerit;
1223 3161 1301 3234 ideo
1334 3164 1520 3238 Sanctissi-

268 3289 346 3346 mns
371 3272 534 3346 Dominus
559 3273 678 3346 Noster
703 3273 902 3346 Benedictus
929 3273 991 3344 PP.
1011 3274 1088 3345 Xlll
1106 3273 1300 3364 hujusmodi
1325 3273 1517 3350 Archioon-

269 3383 480 3458 fraternitatis
513 3390 546 3457 et
578 3385 890 3459 confraternitatum
922 3385 1081 3458 Pietatem
1115 3391 1149 3458 ef
1180 3385 1399 3460 beredenam
1428 3405 1520 3480 erga

270 3494 523 3568 &ocissimum
549 3495 776 3570 Eucharistiae
802 3498 1055 3570 Sacramentum
1081 3495 1269 3582 confovere,
1292 3501 1326 3570 et
1345 3497 1520 3572 maximo-

269 3623 351 3700 pere
377 3623 499 3698 augare
525 3608 674 3700 cupiens,
701 3609 858 3682 omnibns
884 3615 917 3680 et
942 3607 1082 3698 singulis
1106 3606 1335 3681 confratribus
1361 3613 1394 3682 et
1419 3607 1516 3682 Con-

271 3717 442 3792 sororibus
467 3718 845 3794 Archioonfraternitatis
871 3727 904 3794 et
921 3718 1233 3792 confraternitatum
1255 3719 1409 3812 eiusdem
1426 3721 1518 3794 San-

269 3829 407 3904 einim
419 3830 645 3906 Eucharistiae
653 3833 858 3908 sacramenti
871 3831 1166 3922 canoniceubique
1178 3830 1328 3906 locorum
1342 3833 1515 3908 hactenns

269 3949 473 4030 executum,
499 3949 532 4018 et
564 3961 779 4036 quocumque
811 3945 921 4019 futuro
954 3951 1105 4038 tempore
1131 3942 1377 4034 erigendarum,
1404 3945 1515 4021 corde

269 4055 388 4128 sallom
414 4055 574 4142 conlutis,
600 4057 877 4149 quotiescumque
901 4057 1012 4132 Missis
1037 4057 1071 4130 in
1088 4055 1236 4130 Ecclesia
1262 4074 1324 4132 seu
1348 4055 1514 4150 Cappella

270 4167 324 4242 vel
339 4166 490 4240 Oratorio
505 4167 893 4254 drchlcnnfraternitatis
912 4172 965 4244 vel
981 4169 1294 4243 confraternitatum
1310 4169 1514 4262 huiusmodi

269 4296 333 4372 pro
358 4285 509 4372 tempore
533 4281 751 4369 celebrandis,
777 4301 839 4359 seu
855 4282 1175 4378 conclusionibus
1199 4280 1351 4378 publicis,
1369 4281 1423 4358 vel
1439 4281 1513 4378 pri·
