3346 4924
759 331 979 398 -584-

327 469 376 543 i.⁰
404 467 493 555 Quid
519 485 584 560 per
609 469 686 541 loca
710 468 748 539 ia
773 468 893 558 quibus
920 463 1013 538 Orda
1039 464 1123 538 iliu.
1153 463 1290 538 Obsera.
1318 465 1352 537 S.
1380 466 1493 536 Fran·

250 581 330 656 ciscr'
354 579 546 654 assaumis
569 598 639 653 aaa
664 580 778 654 existit
802 575 1060 670 inlelliacuduru
1084 577 1128 650 sit
1153 577 1189 648 iu
1213 595 1308 657 casu,
1330 593 1378 648 au
1405 575 1494 648 ciui·

252 699 316 777 tas,
344 691 526 785 Oppidum,
553 693 679 784 Panas,
706 709 784 765 cum
808 689 1001 783 respectiuis
1027 687 1217 770 suburbiis,
1243 688 1313 762 siue
1339 688 1421 762 lacis
1446 687 1495 762 eis

250 803 512 896 Miaceutibusi
537 805 580 876 iil
606 808 773 894 quatenus
801 803 969 895 cenatica.

325 915 376 986 2⁰
404 915 459 988 ta
490 914 747 1006 inlelliaeudum
778 916 822 988 sit
853 915 1000 988 Parecia
1032 913 1085 986 eet
1117 913 1277 986 uuieusa
1309 911 1491 992 iimccesis

252 1032 315 1104 aut
340 1029 415 1101 alia
441 1027 612 1118 quaelibet
636 1027 805 1100 Diocaesis
829 1027 942 1110 mutia,
968 1045 1026 1099 seu
1047 1027 1160 1118 pars?

328 1137 378 1210 3.⁰
404 1139 468 1218 Au,
478 1156 544 1230 per
567 1137 755 1231 formulam
780 1139 946 1230 descripti
971 1142 1148 1210 censeatur
1172 1135 1394 1230 prabiblturu,
1411 1153 1497 1227 quta·

250 1251 364 1324 miuus
394 1249 455 1321 Via
482 1249 597 1322 Crucis
622 1251 778 1342 ertantur
808 1253 910 1322 eelra
936 1249 1117 1330 iicctesias
1143 1249 1198 1322 cel
1224 1248 1390 1322 oratoria
1427 1247 1500 1319 sice

247 1360 390 1456 publica
414 1361 484 1433 siae
503 1360 658 1453 priuata,
686 1379 739 1433 eu.
765 1381 818 1452 ar.
845 1362 882 1432 iu
910 1359 1138 1442 donatarius,
1165 1361 1219 1433 vel
1242 1361 1281 1431 iu
1308 1359 1501 1432 claustris?

328 1471 377 1544 4⁰.
402 1472 458 1544 iu
482 1472 542 1544 sub
567 1490 680 1564 paena
704 1473 875 1545 uutlilalis
900 1477 1102 1565 apponatur
1126 1471 1304 1565 facultatis
1329 1470 1501 1544 delimita-

254 1584 301 1658 tia
328 1581 377 1655 ad
402 1583 478 1655 teca
502 1583 562 1654 ubi
589 1581 681 1656 Orda
708 1584 791 1656 Min.
821 1583 956 1658 Obseru.
980 1585 1013 1656 S.
1029 1583 1206 1656 mambre·
1229 1601 1300 1656 unu
1326 1583 1452 1664 existit,
1467 1585 1500 1652 et

253 1693 302 1768 ad
325 1694 494 1768 Ecclesiae
519 1698 551 1766 et
578 1695 744 1768 oratoria
771 1699 906 1768 tautum
930 1693 1098 1784 ausmedi
1123 1696 1301 1768 lacerum?

328 1805 413 1878 Cum
429 1805 464 1876 in
481 1805 581 1877 Sacra
597 1805 881 1898 indulgentiarum
902 1807 1150 1897 sacrarumque
1166 1806 1392 1897 iieiiquiarum
1410 1805 1501 1877 Con·

253 1917 445 2009 gregalibus
470 1915 582 1989 habite
607 1915 662 1990 die
690 1922 733 1988 il
759 1917 955 1990 Decembris
983 1921 1077 1989 {857
1107 1918 1140 1989 in
1166 1918 1290 1990 Palatio
1307 1915 1501 2010 Apostuilca

254 2027 414 2100 Vaticana
439 2027 607 2120 proposita
632 2026 773 2102 inissent
798 2034 941 2119 quatuor
966 2029 1245 2120 supraennnciela
1269 2027 1371 2101 dubie
1397 2045 1417 2098 a
1441 2026 1502 2098 ili-

256 2139 344 2212 cario
369 2139 522 2213 Generaii
546 2140 716 2213 iiieecesis
732 2139 963 2225 lamacensis,
977 2139 1240 2213 Eminenlissimi
1257 2141 1382 2223 Patres,
1397 2139 1504 2212 rebus

256 2257 386 2324 mature
410 2251 581 2338 discussis,
607 2251 880 2345 respondendum
906 2269 982 2326 esse
1007 2251 1289 2337 demereamini
1314 2251 1399 2324 inira
1419 2249 1502 2323 «Ad

256 2363 663 2456 primumunffirmative·
688 2363 765 2437 «nd
781 2363 1176 2437 secundum»Prouisum
1201 2364 1235 2436 in
1261 2363 1396 2456 pmcne»
1420 2361 1505 2434 «Ad

255 2476 389 2553 tertium
407 2483 441 2550 et
457 2481 633 2568 quartum·
645 2474 876 2548 affirmative.»
887 2477 1010 2550 ilatum
1027 2477 1152 2550 Romae
1170 2494 1215 2550 ex
1232 2476 1324 2550 Sem.
1347 2473 1506 2569 ejusdem

256 2587 330 2660 San.
357 2587 630 2680 congregationis
654 2585 951 2681 indulgentiarum.

908 2700 943 2770 i'.
970 2699 1075 2772 Cina.
1101 2697 1277 2783 Asnnmum
1301 2701 1426 2772 Peene.

974 2811 1016 2883 t.
1045 2809 1205 2885 Columbo
1234 2813 1358 2886 Secret.

783 3003 985 3079 dccxxiv,

771 3187 997 3243 PETROCOREN.

718 3350 918 3424 beatissime
942 3351 1049 3422 Pater

337 3473 379 3544 iu
395 3473 545 3546 Decretis
563 3472 604 3548 de
622 3474 717 3548 libris
728 3473 914 3566 praeibitis
930 3493 1019 3566 quae
1031 3478 1111 3566 pest
1130 3474 1279 3566 iiequlas
1295 3471 1423 3546 indicis
1439 3471 1506 3544 ad·

190 3613 202 3621 -
264 3581 340 3656 dila
363 3587 453 3664 suut,
480 3583 564 3658 baec
589 3587 754 3677 tueantur
778 3590 821 3673 «3
845 3587 909 3658 iii.
936 3584 998 3658 N.⁰
1027 3589 1098 3656 ¹2»
1124 3583 1506 3675 indulgentiarum‘libri

265 3711 393 3778 omues,
411 3693 529 3779 iliaris,
548 3695 745 3782 Summan'a,
764 3696 890 3781 uincit,
908 3696 1000 3770 Folia
1015 3702 1079 3769 etc.
1099 3697 1133 3768 in
1150 3696 1275 3787 quibus
1292 3713 1409 3768 earum
1425 3712 1506 3767 eau-

264 3806 435 3879 aassiones
459 3807 680 3890 continentur,
706 3825 776 3882 non
801 3807 942 3881 edantur
967 3807 1096 3900 absque
1112 3807 1243 3880 licentia
1260 3807 1334 3880 Sac.
1361 3805 1508 3898 Gangre-

265 3918 405 4008 gallonis
430 3917 726 4010 indulgentiarum.

342 4029 426 4102 Cum
450 4049 529 4103 vera
556 4031 649 4103 circa
666 4031 765 4122 buius
777 4033 919 4124 requlae
935 4031 1251 4123 interpretationem
1264 4033 1373 4124 plura
1399 4029 1510 4103 dubia

267 4142 390 4210 ceorla
415 4140 493 4222 siut,
520 4141 569 4213 ad
589 4141 693 4234 pedes
721 4145 926 4217 sanctitates
949 4143 1083 4214 Vestrae
1095 4144 1300 4234 praeelectus
1322 4143 1511 4236 Episenpus

267 4248 515 4322 Petracnreusis
528 4255 560 4324 et
575 4254 761 4330 Salateusis
776 4255 811 4326 iu
831 4253 952 4325 duritiis
969 4253 1109 4346 abipsa
1125 4251 1510 4344 efflaailatburnillirue:
