3214 4928
764 350 957 416 ...40-

246 499 313 566 teuc
339 493 401 562 unt
426 491 560 561 coetero
585 485 799 566 Nouissimo,
826 485 879 556 oei
905 485 980 555 otiu
1000 483 1094 578 pic„
1111 501 1154 553 oc
1180 479 1343 573 rciipiosu
1369 480 1478 552 medi-

245 607 377 682 tantur,
396 599 634 691 InduipeutIus
661 617 684 668 u
712 597 859 669 Summis
885 595 1103 688 Pontificibus
1120 611 1295 666 concessus
1308 611 1374 684 pro
1391 594 1499 666 reci·

246 716 375 790 tutione
392 713 530 787 Rosurii
547 713 744 784 tuerenturt
761 711 862 782 Sacra
879 707 1098 798 congregatio
1116 703 1171 778 die
1186 709 1207 776 6
1221 705 1364 796 Augusti
1381 709 1477 776 1726

245 825 429 922 respondit,
467 824 584 898 «Non
610 823 742 896 lucrari
766 850 778 884 ι
817 839 919 914 quam
937 820 1058 891 Sacrae
1075 817 1349 909 congregationis
1366 815 1479 890 decla-

245 941 406 1014 rationem
431 954 492 1029 per
517 953 573 1008 me
598 932 821 1008 Secretarium
847 931 1064 1005 sanctissimo
1089 930 1233 1004 Domino
1252 931 1373 1004 Nostro
1391 930 1477 1003 rela-

245 1061 324 1137 tam,
350 1049 512 1122 Sanctitas
538 1049 606 1120 Sua
631 1047 777 1138 henigne
803 1044 1009 1138 approbavit.

317 1164 438 1236 Datum
464 1160 519 1234 die
548 1165 591 1233 {3
620 1157 762 1251 Augusti
792 1161 898 1230 trec.

807 1324 814 1341 .
864 1270 900 1341 L.
927 1270 1032 1343 Canu.
1059 1267 1155 1340 Prous
1181 1267 1303 1340 Pnam.

689 1382 848 1476 Foptcel
876 1383 1015 1456 Cosmus
1041 1379 1083 1454 dc
1107 1380 1325 1473 Hieronymis
1351 1383 1481 1456 secret.

805 1579 916 1652 LVIII.

711 1724 817 1778 notus
843 1724 1012 1778 PIIOPIIIUS.

317 1833 556 1908 sanctissimus
580 1834 619 1905 D.
647 1833 685 1905 N.
712 1830 911 1904 Benedictus
940 1833 1001 1903 PP.
1029 1832 1105 1903 XIII
1131 1829 1298 1904 concessit
1317 1830 1352 1902 in
1373 1830 1484 1903 omni-

242 1951 307 2024 hus
333 1953 367 2020 et
390 1945 531 2038 singuiis
556 1945 713 2018 Ecclesiis
739 1946 892 2018 Fratrum
919 1943 1054 2017 Ordinis
1081 1945 1114 2015 S.
1141 1943 1278 2016 loannis
1307 1944 1357 2016 De
1388 1944 1482 2028 Deo,

244 2061 368 2152 quium
394 2059 437 2130 sit
460 2059 653 2152 proximum
679 2058 849 2151 Hospitaie
875 2057 939 2130 sub
966 2075 1046 2130 cura
1072 2058 1225 2130 Fratrum
1247 2057 1399 2148 eiusdem
1420 2057 1484 2128 Or·

244 2173 332 2246 dinis
357 2171 469 2245 sture
500 2170 744 2264 privilegiatum
778 2177 979 2263 perpetuum
1005 2189 1067 2262 pro
1098 2169 1284 2242 Animabus
1316 2168 1484 2242 Fideliurn

244 2283 478 2358 decedentium
503 2283 539 2355 in
563 2283 727 2375 Hospitali
757 2283 952 2374 praedicto,
988 2289 1021 2355 et
1053 2284 1206 2355 Fratrum
1238 2281 1483 2356 detunctorum

244 2396 396 2489 ciusdem
423 2395 566 2478 Ordinis,
593 2396 656 2467 hac
680 2401 792 2466 tamen
819 2394 1009 2467 conditione
1034 2394 1175 2487 adjecta,
1196 2394 1290 2486 quod
1309 2411 1485 2486 suprame-

245 2515 372 2582 morata
398 2508 519 2581 titana
545 2508 612 2580 sint
636 2506 766 2598 lupIdea
791 2513 825 2578 et
850 2512 1055 2580 consecrata.

319 2621 440 2693 Datum
465 2619 520 2693 die
547 2624 591 2691 13
619 2618 825 2710 Septembris
856 2622 962 2689 tiit.

865 2731 901 2802 L.
929 2729 1032 2803 Cano.
1060 2733 1156 2803 Picus
1181 2730 1306 2803 Putes.

696 2842 854 2937 copton
882 2844 1020 2916 Cosmus
1045 2843 1087 2917 de
1112 2844 1329 2937 Hieronymis
1357 2845 1484 2918 suoru.

821 3041 904 3113 LIII.

323 3179 560 3254 sanctissimus
585 3181 749 3254 Dominus
774 3181 893 3253 Noster
910 3179 953 3252 ad
972 3177 1175 3252 humillimas
1195 3195 1314 3272 preces
1334 3180 1387 3252 Fr.
1408 3180 1489 3253 Ful·

246 3296 348 3390 gentii
368 3294 491 3367 BeIIeIii
512 3295 738 3367 Procuratoris
755 3293 929 3366 Generalis
950 3293 1051 3366 totius
1072 3292 1207 3366 Ordinis
1227 3293 1381 3368 Fratrum
1400 3293 1486 3366 Ere-

246 3409 404 3482 mitarum
424 3405 459 3478 S.
478 3405 657 3496 Augustini
678 3406 887 3480 confirmavit
908 3405 1020 3478 omnia
1041 3404 1164 3477 Altaria
1185 3403 1388 3496 privilegiata
1408 3423 1488 3497 per·

247 3528 359 3614 petua,
386 3535 474 3610 quae
493 3519 706 3611 reperiuntur
726 3537 886 3593 concessa
914 3519 949 3590 in
974 3517 1146 3590 nonnuliis
1166 3515 1325 3590 Ecclesiis
1344 3517 1485 3611 praeiati

247 3630 393 3708 Ordinis.

321 3742 406 3830 Quia
430 3761 510 3816 vero
536 3743 571 3816 in
597 3742 765 3836 aliquibus
784 3743 855 3816 aliis
872 3742 1029 3816 Ecclesiis
1048 3740 1201 3836 ejusdem
1220 3739 1354 3815 Ordinis
1371 3741 1487 3818 Altare

248 3855 493 3950 privilegiatum
517 3874 579 3948 pro
603 3873 671 3929 una
697 3857 750 3928 vel
775 3857 927 3948 pluribus
952 3855 1056 3930 Feriis
1083 3873 1160 3928 eum
1187 3853 1299 3946 dique
1324 3853 1485 3929 determi-

248 3975 327 4046 nato
349 3987 490 4043 numero
510 3970 687 4042 Missurum
708 3968 752 4040 ad
768 3969 984 4063 septennium
1005 3968 1058 4042 vel
1079 3967 1122 4042 ad
1142 3966 1232 4042 aliud
1251 3967 1383 4060 tonnus
1400 3973 1487 4042 tem

249 4099 325 4175 pus,
339 4080 491 4154 nondum
511 4080 623 4154 torsan
642 4080 793 4172 elapsum
814 4081 977 4174 reperitur
999 4097 1210 4165 conoessum,
1231 4081 1394 4154 Sanctitas
1415 4082 1485 4156 Sua

249 4195 384 4288 praevia
409 4194 540 4268 illorum
565 4193 793 4278 revocatione,
820 4195 939 4268 eadem
964 4193 1106 4279 Altaria,
1131 4193 1337 4287 privilegiata
1369 4192 1485 4270 denuo

250 4307 417 4382 noncessit
442 4308 476 4382 in
501 4313 702 4402 perpetuum
727 4327 789 4402 pro
815 4308 919 4384 Feriis
953 4313 986 4384 et
1018 4327 1096 4384 cum
1129 4325 1271 4384 numero
1303 4307 1484 4386 missarum

250 4426 290 4493 nt
313 4419 407 4495 inira.
