3254 4914
307 315 353 382 88

273 445 392 512 clesiae.
414 444 647 526 inperpetuum
667 441 816 508 concessit
836 441 975 508 Clemens
996 441 1052 510 XII
1074 445 1163 508 liner.
1198 443 1234 506 ll
1267 443 1410 508 Decemb.
1442 443 1512 510 1731

274 546 306 607 et
326 541 383 699 711
384 540 640 715 3nlltlgiaglezrffbus
661 635 701 698 ro
720 633 893 698 Dominicas
915 639 985 696 ente
1005 634 1115 698 testum
1138 631 1169 698 S.
1190 575 1332 698 stanislai
1347 631 1510 704 Knstlraesi

272 729 448 808 Ecclesiam,
470 746 523 794 seu
544 730 726 807 oratorium,
747 730 779 792 iu
794 745 855 808 quo
869 728 979 792 festum
995 730 1166 794 celebratur
1181 730 1376 807 visitaverint,
1391 737 1422 794 61
1432 732 1512 810 juria

272 825 427 889 Pontiilcis
450 825 634 890 intentiones
664 824 837 901 oraverint,
858 822 1082 904 indulgentiam
1109 829 1373 905 septemanas
1395 823 1512 890 totidem

273 920 457 1001 quadrageu.
479 920 510 982 16
533 918 661 999 siugulis
681 918 856 982 Dominicis.
879 918 954 982 item
979 918 1175 996 Novcndlalia
1196 918 1421 984 celebrantibus
1445 927 1509 986 ante

272 1015 405 1092 lestum;
427 1013 472 1078 vel
484 1013 698 1078 liecollectioui
715 1014 744 1076 iu
761 1013 906 1076 honorem
920 1013 1056 1092 eiusdem
1071 1012 1174 1077 Sancti
1190 1013 1243 1077 ubi
1258 1013 1301 1093 lit,
1316 1013 1511 1078 intervenien·
1616 1039 1617 1080 1

271 1109 376 1187 tibus3
397 1109 443 1174 vel
465 1123 660 1190 quocumque
682 1109 751 1170 6661
776 1107 827 1172 116
846 1124 943 1172 6666
965 1108 1054 1170 Peter
1074 1114 1105 1171 et
1126 1108 1188 1172 doc
1207 1113 1279 1171 ante
1300 1108 1422 1174 leonem
1442 1109 1511 1174 Sau-

271 1203 342 1268 cti'
334 1221 364 1267 ru
388 1219 580 1285 quacumque
601 1203 734 1267 Ecclesia
756 1218 810 1266 seu
832 1200 970 1266 Oratorio
983 1202 1193 1280 recitantibus,
1212 1202 1440 1282 indulgentiam
1452 1219 1513 1268 666

271 1304 338 1363 166
348 1298 467 1363 dierum
480 1296 596 1361 semcl'
590 1313 619 1360 rn
632 1297 701 1375 die;
692 1281 837 1360 ·iisivero
851 1297 904 1376 qui
920 1312 973 1376 per
987 1313 1122 1360 mensem
1136 1297 1317 1361 continuum
1331 1297 1413 1362 idem
1427 1299 1515 1363 adim·

270 1393 419 1476 pleveriot
440 1393 638 1456 Plenariam
630 1410 661 1456 ru
685 1409 745 1457 uua
767 1392 817 1456 die
839 1391 876 1456 ad
898 1378 1513 1473 16611666666611166661666161616·

270 1487 392 1553 clesiam
413 1504 474 1552 uon
496 1487 654 1552 adiveriut.
677 1488 908 1568 inperpetuum
929 1488 1077 1552 concessit
1098 1486 1172 1551 Pius
1192 1486 1245 1551 llll
1268 1488 1357 1551 variis
1371 1488 1473 1554 116666.
1487 1495 1515 1553 61
1616 1551 1617 1556 ,

271 1581 395 1648 laudem
415 1582 476 1647 Leo
497 1581 556 1645 Xli
574 1582 691 1646 liceret.
713 1582 732 1645 6
753 1580 933 1647 discidii.

313 1691 314 1696 ¹
351 1677 396 1740 tl⁰
417 1676 559 1741 Plecorio
580 1677 611 1740 iu
633 1675 776 1740 omuibus
796 1676 938 1740 Ecclesiis
953 1675 1111 1742 Societalis
1124 1677 1156 1740 iu
1172 1676 1249 1740 iestn
1264 1677 1427 1742 Bealorum
1442 1677 1516 1742 1166-
1616 1703 1617 1772 3

269 1775 373 1852 tyrum
392 1771 610 1852 taponeusiuur
631 1771 681 1834 die
702 1771 721 1834 e
742 1770 977 1835 66166611
998 1769 1202 1852 septemuium
1222 1771 1384 1856 renovavit
1405 1771 1515 1853 Grego
1616 1823 1617 1828 .

173 1882 174 1886 ¹
270 1863 895 1934 616611116166611611161.1831.

348 1959 393 2024 b.⁰
415 1958 585 2024 1166661661
607 1959 767 2039 Religiosis
787 1957 946 2024 Societatis
967 1960 1111 2024 conressis
1131 1965 1162 2024 et
1183 1959 1213 2023 S.
1235 1929 1459 2026 commuuione
1474 1977 1515 2026 re-
1616 1939 1617 2030 ζ

269 2053 355 2120 166116
375 2060 431 2118 etc
453 2053 542 2119 1167
563 2053 693 2135 Augusti
715 2053 928 2117 lluuiversaria
948 2053 1159 2118 destitutionis
1180 2053 1339 2118 Societalis
1369 2055 1516 2120 issula

267 2157 443 2230 perpetuom
464 2149 612 2214 concessit
633 2149 705 2214 Pius
719 2149 771 2213 llll
786 2148 845 2230 (N.
866 2149 900 2211 B.
923 2149 1003 2214 Haec
1018 2148 1209 2230 indulgentia
1223 2154 1269 2213 est
1282 2150 1441 2215 moraliter
1456 2167 1516 2216 cer·

268 2247 322 2322 ta;
341 2243 394 2308 sed
417 2243 596 2326 rescriptum
617 2260 679 2308 uon
701 2241 884 2324 reperitur).

350 2337 394 2402 7.⁰
415 2337 557 2403 Pleoorio
578 2337 768 2402 visitantibus
790 2337 939 2401 Ecclesias
961 2309 1147 2402 societatis
1140 2355 1171 2403 rn
1193 2337 1243 2403 die
1257 2337 1383 2402 ‘l'itulari
1398 2350 1518 2405 earum·

269 2429 388 2498 darum.
410 2434 448 2497 16
465 2439 642 2515 perpetuum
663 2431 812 2502 concessit
834 2433 903 2496 Leo
908 2431 963 2496 illl
978 2433 1064 2496 Brevi
1079 2433 1174 2498 Plura
1189 2433 1270 2497 inter
1284 2435 1320 2498 11
1337 2433 1411 2498 16111
1428 2433 1519 2498 1826

336 2527 396 2614 ,81
416 2526 1164 2592 116666166666616666161161166168666666661
1179 2527 1382 2608 llnllegiorum
1397 2547 1414 2592 6
1429 2529 1469 2594 11.
1485 2530 1518 2593 P.

268 2622 443 2705 Praeposito
464 2623 614 2702 Generali,
634 2639 689 2686 seu
711 2622 892 2687 Provinciali
912 2639 966 2686 seu
986 2623 1046 2687 alio
1068 2623 1106 2688 ad
1127 2623 1185 2686 hoc
1212 2623 1366 2703 deputato,
1386 2624 1413 2686 si
1435 2624 1519 2688 licli-

270 2719 348 2800 giosi
370 2718 529 2782 8661616116
550 2717 635 2782 linita
656 2717 844 2793 visitatione,
866 2716 995 2782 66616661
1017 2731 1052 2781 66
1071 2718 1285 2782 commuuione
1299 2718 1401 2782 6616611
1416 2735 1523 2783 orave·

268 2811 330 2875 rint
351 2811 388 2876 ad
409 2811 564 2876 Pontifiois
586 2811 769 2877 intentiones
790 2819 820 2877 ei
842 2829 895 2893 pro
916 2811 1065 2876 Societate
1084 2818 1116 2876 61
1146 2816 1242 2877 Domo
1267 2812 1453 2894 respectiva.
1483 2815 1523 2878 16
1616 2811 1617 2814 ’

265 2912 444 2988 perpetuum
464 2905 612 2972 concessit
632 2907 774 2972 Urbanus
794 2907 861 2972 llll
881 2913 912 2972 61
934 2907 1092 2971 renovavit
1107 2907 1272 2988 Gregorius
1293 2907 1360 2972 lllll
1377 2908 1428 2972 iel.
1457 2925 1523 2974 rec.

269 3001 602 3083 116216611161862.
694 2999 699 3011 “

348 3095 585 3160 6111666166
606 3113 661 3178 pro
681 3096 808 3161 Noviliis
829 3097 859 3159 in
882 3111 988 3162 eorum
1009 3097 1149 3176 ingressu
1163 3101 1194 3160 61
1207 3095 1433 3178 quamprimum
1450 3107 1525 3180 post

249 3190 706 3256 11661116166661116616616
728 3190 877 3270 Religiosa
899 3191 981 3255 6116
1006 3191 1134 3255 articulo
1164 3191 1271 3254 mortis
1302 3191 1524 3257 invocantibus

195 3329 197 3334 -
267 3286 384 3350 Nomen
407 3287 488 3365 lesu,
510 3287 584 3350 item
604 3285 829 3351 celebrantibus
841 3287 972 3368 primam
988 3286 1120 3361 illesam,
1135 3285 1338 3366 omnibusque
1351 3286 1524 3367 Religiosis

266 3397 334 3444 eam
356 3380 560 3459 audientibus,
582 3380 608 3444 61
629 3382 768 3458 66616661,
788 3385 819 3444 61
839 3381 1053 3445 communione
1073 3380 1177 3444 relecti
1197 3381 1319 3444 1666161
1344 3380 1422 3445 1166
1445 3383 1523 3446 visi·

267 3474 402 3538 tentibus
423 3475 575 3556 propriam
596 3474 773 3554 Ecclesiam,
793 3481 825 3538 et
846 3474 888 3540 ibi
907 3475 1068 3538 ovantibus
1089 3490 1194 3538 omnes
1215 3474 1426 3555 indulgentias
1449 3476 1522 3541 Sta·

139 3587 140 3593 ¹
238 3557 241 3564 ’
266 3569 391 3632 tionum·
406 3569 497 3632 Urbis
517 3570 549 3632 iu
571 3569 679 3632 diebus
699 3587 716 3632 6
736 3569 848 3632 Missali
871 3569 1039 3650 assignatis.
1062 3567 1137 3633 item
1158 3586 1229 3633 vero
1244 3570 1383 3650 quinque
1396 3587 1475 3634 aun.
1491 3577 1525 3636 et

265 3664 391 3728 lotidem
413 3665 559 3745 quadrag.
580 3665 711 3745 siugulis
731 3664 839 3729 diebus
860 3665 933 3728 anui
953 3665 978 3728 si
999 3665 1164 3746 quinquies
1177 3665 1268 3729 Pater
1282 3671 1312 3728 et
1325 3665 1388 3728 eloe
1402 3667 1434 3729 in
1451 3683 1523 3748 pro

264 3760 330 3842 pria
352 3757 487 3824 Ecclesia
509 3757 582 3842 (vel
603 3761 634 3823 iu
656 3761 712 3823 alia
734 3760 759 3822 si
779 3761 842 3823 sint
862 3765 946 3822 extra
968 3759 1128 3841 Claustra)
1149 3760 1351 3826 recitaverint.
1372 3760 1452 3826 1166
1471 3777 1522 3825 se·

265 3855 390 3934 raginta
413 3871 483 3919 ann.
504 3861 535 3918 61
558 3853 683 3919 totidem
703 3853 850 3934 quadrag.
871 3853 1053 3918 iacientibus
1075 3855 1249 3920 Orationem
1269 3856 1438 3924 mentalem
1451 3857 1522 3946 siu-

137 3953 140 3958 '
266 3949 347 4029 gulis
368 3949 551 4029 116166666
572 3947 737 4014 dimidium
764 3948 878 4026 leorae,
898 3949 992 4012 61616
1013 3965 1067 4030 per
1093 3965 1228 4014 mensem
1248 3950 1521 4030 perseverantibus

269 4048 361 4123 atquo
382 4043 490 4108 ultima
510 4043 669 4108 Dominica
689 4043 841 4108 conlessis.
864 4042 938 4107 1166
959 4044 1007 4107 bis
1028 4044 1198 4108 Plenariam
1218 4044 1266 4122 iis,
1280 4045 1333 4124 qui
1347 4045 1521 4108 minuatur

267 4135 299 4222 in
328 4136 497 4202 haereticos
518 4145 570 4202 ant
591 4137 729 4202 infideles
750 4138 787 4202 ad
807 4139 983 4218 1116616666,
1005 4133 1127 4220 quaudo
1147 4155 1179 4202 66
1200 4137 1301 4202 1116661
1325 4139 1519 4219 accingunt,
1616 4143 1617 4190 t

266 4237 298 4295 61
319 4233 442 4312 quando
462 4235 494 4299 iu
516 4234 698 4298 destinatam
719 4233 907 4299 Provinciam
929 4235 1119 4316 perveniunt.
1139 4234 1177 4297 16
1195 4241 1372 4316 perpetuam
1391 4249 1521 4302 concae·

266 4326 306 4394 sit
327 4327 441 4394 Paulus
461 4329 487 4394 ll
507 4327 610 4394 Consi.
632 4327 785 4395 11666666
804 4328 945 4411 Pontifec
965 4330 1004 4398 23
1024 4328 1096 4398 11611
1118 4329 1205 4396 1666.
