3134 4918
5 733 9 860 l

577 373 793 442 -ttu-

598 576 777 650 nxxxlv.

577 735 799 789 aaronem.

5 877 6 890 ¹
153 857 299 929 Wcodus
313 856 490 930 Generalis
508 857 673 930 Dioecesis
690 857 879 929 Briocensis
897 857 1032 948 quaerit
1048 877 1077 930 a·
1090 857 1200 930 &cro
1219 857 1304 932 Con·

82 971 269 1062 nepotiane
288 969 367 1041 ‹dn
393 967 570 1053 Sacerdos,
589 970 647 1061 pul
664 969 790 1042 oblinet
806 970 1007 1063 facultatem
1025 968 1243 1066 benedicendi
1259 991 1302 1045 oc

82 1079 266 1174 imponendi
292 1081 512 1174 scapularia,
540 1079 666 1154 notem
682 1099 720 1154 eo
742 1081 815 1173 ipso
840 1081 1042 1174 facultatem
1068 1081 1303 1157 commutandi

81 1195 294 1286 ollipotioncs
311 1193 567 1266 commutabiles
587 1192 817 1286 contratrum,
838 1193 976 1285 qnando
1000 1212 1084 1287 opus
1101 1199 1160 1279 est,
1178 1197 1304 1270 scilicet

80 1327 147 1379 cum
170 1325 327 1380 recursus
352 1303 401 1379 od
426 1307 581 1379 alterum
606 1307 650 1380 sit
674 1307 890 1399 impossibilis
914 1310 953 1379 ut
977 1305 1040 1380 loc
1066 1306 1242 1382 commodo
1267 1309 1306 1402 ti·

81 1418 160 1492 delas
183 1438 255 1491 non
275 1418 486 1511 prirentur?

141 1533 215 1606 Sao.
243 1530 465 1622 congregatio
492 1529 666 1624 respondit
691 1531 890 1622 ‹Negatirez
914 1531 1030 1624 vigore
1047 1531 1137 1606 enim
1153 1531 1308 1607 obtentae

78 1641 231 1717 lucullanis
263 1641 503 1727 benedicendi,
535 1659 573 1715 ao
601 1641 796 1736 imponendi
829 1644 1018 1736 scapularia
1050 1663 1119 1718 non
1153 1643 1306 1738 sequitur

78 1755 159 1846 qnod
183 1753 350 1828 Sacerdos
375 1771 415 1826 ea
440 1771 576 1847 quoqne
606 1754 748 1846 gaudeat
777 1761 940 1848 potestate
969 1757 1196 1830 commutandi
1220 1757 1304 1832 obli-

77 1868 219 1957 gationes
246 1867 428 1958 injunctos,
455 1867 520 1939 nisi
546 1883 707 1959 expresse
736 1868 932 1941 enunciemr
956 1869 991 1942 in
1016 1869 1189 1962 Rescripta
1218 1869 1306 1946 Cen·

77 1979 231 2052 maionis
256 1996 319 2072 pro
341 1977 586 2062 benedictione,
612 1985 646 2052 et
669 1979 880 2073 impositione
897 1982 1151 2074 Scapulanium»
1174 1981 1217 2056 Et
1232 2001 1307 2056 ror·

76 2109 127 2164 sos
143 2091 265 2166 adem
282 2092 383 2165 Sacra
400 2090 621 2183 congregatio
644 2091 858 2165 «Acadama
875 2093 965 2184 gravi
983 2093 1220 2186 impedimento
1237 2113 1306 2168 non

76 2205 173 2278 tenori
198 2203 393 2278 maneres
418 2221 530 2295 neque
556 2203 599 2276 ad
623 2203 762 2296 lejonia,
788 2222 900 2296 neque
924 2204 967 2277 ad
991 2206 1216 2279 recitationem
1238 2207 1305 2279 llo·

75 2335 176 2389 nrum
204 2315 461 2400 canonicarum,
489 2320 546 2388 aut
562 2313 668 2388 Officii
694 2315 789 2388 Parvi
813 2317 850 2388 B.
877 2317 920 2390 nt.
945 2317 993 2406 V;
1018 2335 1130 2408 neque
1148 2315 1191 2388 ad
1207 2316 1307 2390 absti-

75 2430 216 2504 nentiam
244 2429 364 2504 diebus
388 2429 553 2512 Mercurii,
579 2435 614 2502 et
638 2429 793 2519 Sabbati3
825 2427 1020 2502 consulendi
1053 2435 1164 2503 tannen
1189 2421 1306 2503 fideles

74 2549 106 2614 nt
127 2543 228 2617 hoe
218 2560 255 2615 rn
281 2559 362 2615 casu
386 2559 424 2615 se
449 2540 628 2633 subiiciunt
651 2539 774 2633 jndicio
799 2539 897 2626 docti,
923 2546 957 2614 et
980 2540 1154 2635 prudentis
1179 2539 1307 2613 contes-

74 2655 142 2728 sarii
167 2674 233 2750 pro
259 2654 370 2747 aliqua
395 2653 656 2728 commutatione
673 2652 905 2746 impetranda
893 2654 988 2728 ,na
1014 2653 1191 2729 declaravit
1207 2650 1307 2728 Sacra

74 2765 509 2862 saepenominati
539 2771 643 2837 lille

604 2960 769 3034 DXXXV.

564 3146 812 3202 GLAROMONTEN.

135 3333 193 3404 lla
205 3333 313 3426 porte
330 3326 510 3421 celandam
526 3324 677 3400 Parocti
692 3326 860 3401 Diocaesis
879 3325 1165 3401 claromontensis
1181 3323 1305 3399 solutio

71 3444 247 3532 maeatae
279 3443 539 3515 nonnullorum
560 3437 754 3520 dubiorum,
789 3457 877 3530 quoe
909 3437 985 3511 Soc.
1021 3437 1145 3530 conpr.
1176 3455 1304 3530 propo·

70 3561 214 3629 namur:

139 3667 190 3739 l.⁰
215 3668 271 3740 An
298 3663 440 3759 pundo
469 3664 591 3737 Cruces
617 3661 886 3753 quaedamsed
916 3661 1086 3754 inopinos
1112 3659 1305 3733 mallonum
1417 3683 1422 3694 ’

74 3779 165 3852 Viam
185 3781 306 3854 &ucis
322 3780 617 3873 repraesentantes
635 3773 678 3848 ob
695 3773 960 3867 reparationem,
986 3793 1044 3848 seu
1068 3775 1306 3846 ornamentum

73 3891 211 3986 templi,
238 3893 293 3965 ael
319 3893 361 3964 olr
389 3887 567 3982 quoddam
592 3885 692 3960 aliud
716 3887 881 3959 motivum
906 3887 1094 3979 lepilimum
1118 3885 1197 3956 arnt
1219 3899 1304 3974 pro·

70 4005 189 4079 morie
217 4009 355 4079 tontum
380 4003 575 4077 translatae
599 3997 649 4072 ud
669 4017 832 4091 paucum,
858 4001 912 4073 oel
928 3997 978 4073 ad
997 4000 1137 4088 lonpum
1161 3999 1304 4086 tenpus,

69 4114 166 4189 istud
179 4135 324 4191 morum
347 4115 550 4190 caecilium
579 4111 658 4185 Viae
684 4109 799 4184 Crucis
824 4111 964 4184 omittat
987 4104 1222 4258 indulpentias
1241 4103 1307 4179 silei

72 4225 256 4302 educans?

137 4341 216 4412 Sao.
242 4336 467 4431 congregatio
491 4330 702 4427 respondit
715 4329 918 4424 Negetive».

192 4455 239 4522 29
