2962 4926
484 357 702 425 -201-

526 565 664 641 cuttu.

84 713 166 798 inum
188 715 263 790 Sne.
288 716 509 812 congregatio
534 720 810 816 indulgentiiset
834 719 908 797 Sec.
934 721 1097 817 lteliquits
1121 741 1216 819 praa

46 823 104 912 poia
121 825 167 901 die
190 833 232 901 at
262 831 389 904 mensis
414 833 523 908 liartii
547 853 636 908 anno
664 839 758 908 illiti
784 836 943 911 merdin
968 844 1056 922 vota,
1070 837 1213 912 Contes-

20 1011 22 1056 Ι
44 937 118 1009 iren
138 941 413 1018 sacramentalem
438 945 575 1038 quando
591 947 626 1020 in
643 949 806 1022 eribus
829 949 1007 1042 apponitur
1022 967 1085 1041 pro
1105 949 1216 1023 indul·

20 1049 118 1156 proice
145 1057 396 1142 consecutione,
423 1061 540 1150 peragi
564 1060 702 1134 omuino
727 1060 852 1135 debere
877 1061 977 1134 etiam
1003 1061 1049 1134 au
1073 1061 1216 1154 linqui

19 1159 21 1198 ³
42 1159 195 1237 dietatis
219 1167 347 1260 peccati
372 1171 498 1242 conscii
515 1189 585 1244 nun
601 1176 699 1256 sunt,
716 1190 780 1246 nec
796 1190 865 1246 non
882 1172 1065 1265 praelatam
1080 1172 1216 1248 Contes-

40 1289 116 1346 mm
136 1279 305 1372 suffragari
330 1283 430 1355 etiam
453 1300 565 1375 posse,
582 1285 614 1357 si
629 1285 664 1357 iu
681 1285 800 1377 vigida
815 1285 1014 1358 Fesdmtatis
1029 1286 1214 1378 expleatur,

40 1381 169 1480 tumque
192 1393 265 1466 Suc.
283 1395 559 1488 congregationis
575 1398 815 1473 sanctissimus
830 1391 993 1472 Dominus
1009 1399 1129 1474 Nestor
1144 1399 1217 1486 cta·

38 1513 91 1569 uns
108 1502 161 1574 PP.
178 1505 252 1578 lilii
267 1505 417 1600 henigne
432 1509 677 1602 approbaverit,
695 1510 844 1603 illudque
862 1511 952 1603 typis
972 1511 1132 1604 prmlicari
1149 1511 1215 1584 sub

38 1605 103 1683 dun
118 1619 156 1684 ltt
171 1615 248 1690 liaii
267 1620 428 1712 praedicti
452 1623 532 1694 enni
556 1622 781 1714 mandaverit.;
806 1624 1023 1716 quamplures
1046 1623 1214 1717 supptices

36 1719 92 1793 idi
110 1731 172 1800 tum
195 1731 412 1823 ltegularium
437 1734 723 1810 communitatum
741 1743 774 1810 et
789 1735 985 1829 praesertim
1010 1736 1213 1822 dionisium,

37 1839 73 1904 un
90 1838 172 1912 etiam
196 1843 442 1932 Paruchurum,
468 1854 502 1921 et
526 1849 763 1922 nonnullorum
789 1849 1032 1942 Episcoporum
1057 1866 1119 1942 pro
1144 1849 1215 1922 suis

36 1939 190 2026 lemtim
206 1960 352 2049 porrecti
369 1967 459 2044 sunt,
477 1956 601 2051 quihus
614 1961 762 2036 maxima
779 1962 1010 2054 exponebatur
1026 1960 1214 2046 difficultas,
1314 1995 1318 2005 ¹

36 2073 83 2144 llll
101 2063 273 2152 interdum.
302 2072 371 2146 imo
396 2089 561 2166 persaepe
586 2073 705 2148 accidit
728 2091 791 2166 pru
815 2073 1051 2148 sacramentali
1076 2071 1214 2147 donus·

36 2167 91 2242 lue
108 2177 171 2252 sire
192 2181 230 2254 in
255 2183 356 2256 Festo
382 2186 437 2258 rel
461 2185 504 2258 ad
528 2187 643 2266 minus
667 2186 702 2259 in
728 2185 847 2278 Vigilia
862 2175 1074 2280 peragenda.¹
1091 2187 1214 2271 Quam·

35 2279 104 2356 den
124 2297 158 2362 nt
179 2293 265 2368 adeo
285 2297 464 2389 proficuus
489 2298 775 2391 indulgentiarum
795 2299 979 2372 thesaurus·
998 2295 1157 2372 reddatur
1176 2297 1215 2370 ii·

16 2385 117 2502 illius
137 2407 315 2482 acuomnde
340 2410 587 2504 comparandus
613 2411 722 2486 enixis
747 2409 1163 2503 precibussnppllcahant
1177 2415 1215 2484 ut

35 2519 167 2594 tillim
192 2521 307 2612 aliquo
332 2522 481 2596 remedie
507 2522 550 2596 de
583 2523 774 2616 Apostolica
804 2523 1011 2614 benignitate
1038 2520 1215 2614 previdere

16 2569 189 2705 idemq:
215 2635 342 2726 quilius
367 2636 523 2728 precibus
540 2636 583 2710 ad
598 2635 801 2728 praedictam
819 2637 892 2710 Sec.
911 2634 1211 2728 congregationem

16 2799 17 2868 q
35 2733 140 2824 musis,
162 2747 371 2839 propositum
396 2749 432 2820 in
456 2749 505 2820 Ea
527 2747 590 2824 init
615 2748 756 2824 dubium
784 2776 797 2810 ι
820 2751 887 2830 Aa,
913 2752 947 2824 et
972 2745 1143 2838 querendo
1170 2747 1214 2820 sit

16 2895 17 2900 Ν
36 2851 219 2928 oudmdm
238 2860 460 2933 sanctissimo
477 2877 579 2953 super
590 2861 747 2953 praescii
770 2861 906 2936 Decreti
926 2860 1141 2941 executione,
1160 2860 1214 2932 uel

16 2949 212 3118 *unumne
236 2971 277 3044 iu
301 2989 383 3046 casu
409 2974 493 3045 etc?
517 3000 530 3035 ι
554 2980 590 3046 et
613 2989 814 3065 responsum
839 2971 900 3046 luit
924 2999 936 3032 ι
961 2969 1214 3052 Consulondum

16 3153 18 3228 ι
37 3063 195 3156 Stultissime
207 3084 351 3158 Dumim
364 3085 484 3158 Nostro
498 3091 537 3157 ut
552 3085 738 3164 concedere
755 3084 911 3176 dignetur
923 3082 1093 3157 indultum
1109 3083 1215 3176 omui·

37 3171 359 3280 inmunitatibus,
385 3196 445 3289 qui
470 3195 637 3288 trequenti
662 3203 875 3290 peccatormn
908 3194 1118 3270 confessione
1147 3195 1214 3268 ani·

37 3303 92 3368 tm
110 3304 272 3385 studentes
298 3309 452 3402 expiare,
485 3310 592 3383 semet
619 3309 737 3385 saltem
770 3309 805 3383 in
838 3305 1054 3382 nendamana
1082 3305 1125 3382 ud
1144 3306 1214 3378 -Sa

39 3415 187 3492 totrentum
220 3421 450 3494 Poeuilentiae
488 3421 670 3506 amedeus,
703 3421 768 3499 nisi
804 3419 952 3512 legitime
989 3418 1215 3512 impediantur

39 3525 245 3616 cumrerum,
271 3537 305 3606 ot
329 3532 455 3606 nullius
478 3533 608 3607 lethalis
637 3534 755 3625 culpae
788 3549 870 3606 ase
901 3537 979 3625 pust
1010 3530 1213 3624 praedictam

40 3623 136 3710 lutum
151 3641 401 3718 contessionem
418 3646 618 3718 commissae
635 3646 699 3718 sibi
712 3645 836 3718 conscii
849 3662 918 3718 non
934 3649 1024 3730 snut,
1042 3649 1080 3716 ut
1095 3660 1213 3716 omnes

42 3741 59 3804 ‘¹
73 3759 270 3848 limumque
295 3755 520 3849 Indulgentlas
545 3757 709 3849 consequi
733 3756 872 3850 possint,
892 3756 990 3830 etiam
1007 3753 1081 3828 sine
1095 3753 1213 3827 actuali

41 3845 207 3952 mulsoue,
234 3887 322 3961 quae
346 3871 563 3962 coeteroquin
577 3869 827 3962 juxtapraetati
842 3867 969 3942 decreti
984 3865 1212 3940 definitionem

42 3959 120 4043 idm
139 3977 307 4054 lucrandas
333 3983 521 4056 necessurla
545 3988 669 4058 essent.
686 3982 774 4056 Nihil
789 3988 906 4054 tamen
919 3976 1110 4055 innovando
1125 3978 1214 4072 circa

42 4068 206 4174 lulcerum
231 4095 380 4180 emitur,
406 4101 476 4170 cam
492 4094 659 4177 osunen,
677 4111 780 4187 qnam
796 4090 1212 4194 mrraorunautauqsque

45 4185 159 4310 ilister
179 4207 317 4282 tubilaei
343 4225 540 4293 cmcessas,
564 4226 627 4301 pro
653 4207 778 4300 quinus
803 4202 1043 4296 assequendis,
1068 4203 1160 4290 sicut¹
1180 4207 1213 4276 et

47 4295 82 4378 ²⁸¹³
96 4327 175 4404 illu
195 4321 359 4414 injuncta,
384 4321 429 4400 ita
458 4329 492 4398 et
524 4319 777 4404 sacramentalis
802 4316 976 4394 Confessio
1000 4311 1210 4410 tempure-in
