3182 4922
779 307 998 376 -alt-

272 463 388 554 sacros
416 443 644 536 Indulgentiae
675 445 850 528 thesauros
882 445 1121 538 impertiendos
1147 463 1316 532 annuens.
1348 449 1485 522 omnibus

272 561 449 656 utriusqus
473 577 577 640 sexus
603 558 891 643 christifidelibus,
909 558 969 650 qui
985 559 1166 653 praelatam
1191 561 1393 646 (traducam,
1410 581 1487 654 qnae

272 673 388 766 incipit
412 673 467 746 ‹0
495 672 873 746 clementissimum»
898 689 976 744 com
1002 673 1165 747 versiculo
1190 674 1284 748 «Cor
1299 674 1396 748 iesu»
1417 693 1487 766 qno

273 804 419 878 cumque
443 784 610 869 idiomate,
637 783 825 880 dummodo
846 783 957 858 versio
971 784 1015 858 sit
1031 784 1150 870 fidelis,
1176 785 1279 860 corde
1294 787 1406 860 saitem
1418 805 1487 860 con·

272 899 360 984 trito,
378 916 417 970 ac
434 896 552 971 devote
566 896 787 981 recitaverint,
804 903 939 978 centum
954 896 1086 972 dierum
1099 897 1341 990 indulgentiam
1354 918 1410 992 nro
1422 919 1489 992 qua-

271 1012 354 1089 libet
377 1012 460 1096 vice,
485 1011 831 1116 benigneconcessit.
858 1009 901 1088 iis
926 1029 1017 1095 vero,
1044 1011 1103 1104 qui
1117 1011 1245 1102 ¹eadem
1270 1013 1370 1086 animi
1391 1012 1488 1106 dispo

272 1127 393 1206 sibene
417 1126 535 1206 saltem
562 1130 627 1210 ,tor
647 1125 683 1200 in
708 1124 862 1217 qnalibet
888 1123 959 1226 dia,
986 1123 1094 1206 tribus
1119 1131 1232 1200 nmen
1257 1125 1414 1202 distinctis
1435 1126 1489 1200 dei

272 1239 492 1336 temporibus,
518 1256 579 1332 per
604 1256 757 1310 mensem
783 1244 854 1312 tum
881 1239 1072 1324 Orationem
1089 1246 1161 1341 tum
1178 1239 1378 1316 versiculum
1393 1241 1490 1316 recila·

271 1353 390 1438 verint,
416 1351 660 1444 indulgentiam
686 1351 871 1424 plenariam
894 1351 1135 1444 acquirendam
1160 1351 1215 1426 dio
1240 1371 1358 1429 eorum
1374 1351 1489 1426 arbitrio

274 1465 437 1560 eligendo,
464 1483 543 1556 quo,
570 1483 648 1540 vere
664 1465 884 1556 poenitentes,
902 1470 936 1538 et
952 1463 1096 1541 contessi
1113 1464 1367 1548 sanctissimum
1382 1466 1489 1540 docia-

272 1580 384 1653 ristiae
410 1579 661 1652 Sacramentum
678 1577 895 1670 sumpserint,
911 1596 975 1654 nec
991 1595 1060 1650 nou
1077 1579 1222 1670 aliquam
1240 1579 1427 1664 Ecclesiam,
1447 1578 1490 1650 vel

271 1692 444 1788 pubiicum
470 1691 656 1770 oratorium
684 1691 896 1776 visitaverint,
914 1691 1028 1782 ibique
1042 1693 1138 1784 juxta
1155 1698 1305 1766 mentam
1325 1690 1489 1766 sanctitatis

274 1805 362 1878 Suae
386 1822 448 1898 per
473 1801 608 1895 aliquod
633 1803 792 1895 temporis
817 1804 962 1895 spatium
994 1804 1178 1889 oraverint,
1212 1805 1284 1896 pari
1309 1804 1489 1895 benignitate

272 1916 428 2008 elargitus
454 1923 515 1988 est.
542 1916 711 1990 Praesenti
728 1916 762 1988 iu
779 1922 981 2008 perpetuum
1006 1917 1146 1994 valituro
1164 1916 1295 2009 absque
1311 1917 1377 1990 ulla
1395 1915 1491 1988 Brevis

273 2027 496 2123 duodenne,
523 2033 557 2102 ot
581 2045 659 2106 cum
684 2028 836 2106 facultate
853 2027 989 2102 easdem
1006 2029 1233 2122 indulgentias
1254 2029 1292 2103 iu
1316 2027 1491 2122 suflrag'um

273 2141 423 2236 fidolium
447 2141 685 2240 bainnctorum
711 2140 907 2233 applicandi
1002 2171 1003 2176 ι

265 2305 270 2312 -
345 2254 467 2334 batum
492 2233 662 2350 Neapoii'
653 2272 688 2328 ru
713 2252 908 2374 suburbano
934 2253 1063 2328 Pontici
1083 2253 1138 2328 dia
1156 2259 1185 2329 2
1211 2254 1383 2330 Februarii
1402 2255 1491 2326 titt.

876 2367 959 2440 F
987 2367 1090 2442 Gran.
1115 2367 1292 2452 dsqnnnns
1316 2370 1432 2442 eamr.

902 2477 966 2562 nd.
992 2481 1224 2564 Bomomocac
1248 2483 1337 2560 Pro·
1340 2481 1453 2554 secam

226 2654 234 2682 .
317 2541 653 2668 lidimocotissime
666 2595 744 2669 lesa
758 2596 897 2666 amator
910 2595 1109 2668 animorum
1122 2597 1258 2669 obsecro
1280 2597 1325 2668 Pe
1336 2591 1491 2688 pelve

273 2709 371 2800 oium
399 2706 518 2801 cordis
548 2707 610 2778 Tui
636 2706 858 2789 sanctissimi,
886 2711 918 2780 ot
938 2725 1008 2800 per
1028 2707 1162 2781 dolores
1187 2709 1313 2783 Matris
1333 2709 1421 2780 ibae
1441 2705 1493 2776 ire

154 2873 156 2878 -
272 2820 470 2922 mccclotoc
487 2819 599 2892 loco
586 2839 622 2892 ao
641 2820 815 2912 Sanguine
827 2821 906 2892 ,Τιιο
926 2825 1126 2913 peccatores
1151 2822 1254 2894 totius
1280 2820 1400 2895 muudi
1419 2833 1493 2893 vove
1564 2871 1565 2876 .

131 2935 133 2942 ’
270 2934 402 3029 positos
427 2935 464 3004 ic
490 2934 632 3025 oqooio,
659 2939 691 3006 ct
718 2931 819 3010 bodie
844 2933 1040 3007 morituros.
1064 2934 1183 3006 Amen.

297 3099 301 3110 ·
351 3048 422 3122 Cor·
443 3048 528 3122 ierat-
547 3049 583 3122 io
608 3047 893 3141 agonio-socium
919 3047 1078 3132 miseere
1102 3048 1334 3122 morientium.

841 3243 940 3318 nex.

756 3391 849 3452 mors
874 3391 915 3450 ur
941 3389 1035 3449 overs

347 3494 585 3575 sanctissimus
602 3497 766 3570 nummus
782 3499 902 3572 Noster
918 3497 997 3570 Pius
1014 3498 1076 3570 Pe.
1093 3497 1141 3569 iii
1157 3497 1314 3572 omnibus
1339 3495 1493 3586 utriusque

137 3669 139 3674 .
254 3625 377 3688 'sonus
402 3608 684 3702 christifidelibus
708 3611 814 3684 corde
832 3611 952 3684 saltem
970 3612 1111 3684 contrito
1135 3611 1190 3703 pio
1215 3610 1406 3685 Exercitio
1398 3627 1429 3685 ιιι
1443 3607 1491 3678 ia

274 3723 383 3802 cloelis
408 3739 470 3796 sen
495 3721 819 3815 publicisoratoviis
844 3743 905 3818 per
929 3725 1097 3816 integrum
1113 3741 1266 3798 mensem
1289 3725 1323 3796 in
1351 3723 1491 3796 bonorem

269 3835 508 3910 'Pretiosissimi
532 3837 711 3928 Sanguinis
736 3840 775 3910 il.
801 3838 840 3911 N.
858 3838 941 3911 qq,
959 3837 1151 3930 peragendo
1176 3841 1416 3930 (quocumque
1430 3828 1492 3908 anni

274 3947 339 4034 die,
366 3967 404 4022 oc
431 3949 575 4040 praeviis
602 3949 727 4027 debitis·
747 3951 968 4035 bonitatibus,
994 3951 1124 4024 initium
1149 3951 1295 4040 irabcm)
1319 3951 1434 4024 devoto
1454 3945 1492 4016 in·

275 4063 535 4148 tarevsentibus,
561 4082 629 4156 quo
655 4064 709 4138 die
734 4065 1022 4158 prastattmemis
1046 4065 1081 4137 id
1105 4065 1243 4157 egerint,
1268 4061 1492 4155 indulgentiam

274 4178 405 4264 septem
430 4191 594 4248 annorum
620 4175 826 4270 totidemque
851 4177 1151 4269 quadragenarum,
1168 4178 1314 4270 benigne
1334 4170 1490 4249 concessit
1564 4267 1565 4274 Ν

274 4284 331 4358 ιιι.
345 4301 423 4358 vero
448 4285 737 4372 tibrtmlnoetinus,
761 4291 822 4382 qui
850 4289 958 4366 eidem
976 4291 1031 4383 pio
1048 4289 1216 4366 Exercitio
1239 4289 1350 4366 decies
1372 4289 1435 4379 jam
1448 4283 1491 4354 in
