3214 4928
796 351 989 420 ...53-

862 557 933 644 XC.

350 716 464 807 Nuper
492 716 567 789 Sao.
600 714 858 808 congregationi
891 715 1108 808 tudutgeutts
1141 713 1323 806 sacrisque
1355 713 1520 805 Retiouiis

280 829 490 920 praepositae
515 828 661 908 exesum
687 829 748 904 tuit
771 847 834 922 per
857 847 979 902 uranus
1004 827 1278 902 christifidelium
1311 826 1521 904 circumierri

281 940 402 1026 librum
429 943 483 1018 oui
507 942 622 1018 titulus
646 970 659 1003 «
684 943 732 1016 Le
759 943 864 1016 Sucro
889 941 1031 1016 Dooieie
1056 939 1110 1015 de'
1131 940 1201 1014 Vini
1235 959 1259 1012 a
1287 957 1354 1031 pro
1382 937 1435 1012 do'
1449 942 1519 1012 Dc-

281 1052 380 1146 fonti,
407 1054 480 1130 ried
505 1055 606 1130 treve
631 1055 782 1130 rietretto
807 1051 1101 1146 dett’lnrieigeoze
1134 1035 1316 1128 ‹ia’nndett
1343 1070 1360 1123 3
1386 1049 1439 1128 de’
1453 1053 1522 1128 Re-

280 1166 396 1256 notun
419 1167 456 1245 in
481 1181 670 1248 33333333,
693 1166 980 1258 priaripotmeote
1007 1165 1094 1240 dolie
1124 1163 1334 1255 7333733333
1364 1161 1521 1238 deit’or-

283 1277 610 1360 &urdenatione
624 1285 715 1357 eto.»
735 1279 918 1374 aquodam
936 1278 1101 1370 Religioeo
1114 1275 1248 1352 Ordinis
1265 1276 1523 1352 rimaturum

281 1410 465 1484 suppresso
490 1392 634 1468 auctoris
647 1391 784 1466 nomine
801 1392 930 1484 absque
943 1392 1090 1482 legitima
1103 1391 1257 1464 iaouttnte
1281 1387 1417 1464 Ordinis
1430 1391 1524 1482 typis

282 1502 397 1584 daun
424 1505 578 1582 Panormi
605 1523 692 1578 anuo
721 1509 827 1578 7737.
853 1504 941 1578 Cum
966 1523 1046 1578 vero
1071 1505 1106 1576 73
1140 1501 1287 1595 praetato
1319 1502 1405 1577 libro
1434 1521 1524 1578 333-

281 1616 389 1695 uotae
414 1616 640 1708 indulgentias
665 1617 764 1690 salsus
790 1623 848 1691 ant
864 1618 1074 1709 apocryphas
1091 1615 1253 1690 contineri
1270 1613 1526 1706 deprehensum

282 1728 390 1812 tuerit,
417 1728 493 1801 ideo
518 1747 562 1802 ue
579 1728 818 1804 Christiildcies
834 1728 1053 1823 decipiantur,
1071 1728 1189 1802 eadem
1207 1728 1281 1799 Sao.
1300 1727 1525 1819 congregatio

282 1841 428 1922 subdio
455 1846 499 1913 73
525 1843 734 1938 Septembris
762 1847 856 1914 7737
885 1841 1011 1916 dictum
1035 1842 1160 1916 773333
1184 1840 1284 1930 (aiios
1310 1839 1525 1932 3331737737-

284 1953 358 2030 torii
384 1955 555 2032 Generalis
581 1953 734 2047 ejusdem
759 1954 893 2028 Ordinis
918 1953 1090 2030 7733337333
1116 1952 1354 2045 reprobatum)
1379 1952 1527 2044 3733333

283 2067 541 2159 impressionem
565 2067 772 2159 ubicumque
796 2067 869 2141 eive
894 2067 1014 2140 7337373
1040 2066 1113 2140 sive
1137 2065 1336 2148 taciendam,
1360 2073 1396 2138 et
1420 2083 1526 2140 33333

284 2179 458 2257 interdixit
467 2181 630 2273 triumuiro
646 2181 817 2274 prohibuit
832 2179 898 2253 sub
914 2179 1034 2271 poenis
1051 2180 1086 2252 in
1103 2178 1216 2253 iudice
1231 2179 1395 2256 librorum
1411 2177 1528 2269 333737-

284 2291 431 2366 hitornm
457 2294 632 2365 contentis.
658 2291 863 2365 Declarando
880 2297 992 2364 tamen
1018 2292 1104 2363 inter
1128 2290 1228 2362 falsas
1255 2296 1288 2363 et
1313 2289 1527 2382 apocryphas

285 2424 353 2477 nou
380 2424 456 2478 esso
482 2404 704 2478 recensendas
721 2405 948 2496 indulgentias
965 2410 1139 2480 contentas
1163 2405 1199 2476 iu
1225 2401 1414 2475 summario
1435 2402 1525 2474 Cou-

286 2519 425 2590 iratrutn
450 2518 583 2591 Ordinis
609 2521 644 2590 B.
672 2518 817 2608 Virginis
844 2517 888 2592 de
912 2519 1024 2596 Monte
1049 2516 1202 2588 Carmeio
1224 2514 1266 2587 ab
1284 2513 1402 2587 eadem
1423 2514 1527 2586 Sacra

287 2631 552 2722 congregatione
576 2630 763 2721 recognitas
789 2634 822 2701 et
848 2629 1048 2720 approbatas
1073 2628 1138 2700 soh
1164 2627 1219 2700 die
1245 2631 1290 2697 37
1309 2625 1398 2698 73377
1419 2630 1526 2710 7673,

287 2749 387 2834 amun
411 2743 446 2817 73
472 2742 593 2820 auen
620 2743 705 2820 titre
729 2742 883 2816 imanes.
910 2741 1078 2831 Factaque
1103 2739 1146 2814 de
1169 2739 1225 2815 tis
1250 2755 1312 2830 per
1328 2756 1384 2816 rue
1407 2739 1529 2816 Secre-

288 2855 408 2934 toriunr
426 2856 642 2934 sanctissino
667 2855 810 2929 Domino
827 2854 947 2928 Nostro
963 2852 1126 2928 crementi
1147 2853 1208 2928 tin
1228 2852 1388 2930 rotatione
1403 2851 1459 2928 die
1479 2857 1525 2928 73

287 2969 414 3048 mensis
440 2969 649 3052 Novembris,
674 2967 840 3044 7333377733
856 2966 925 3038 Sua
941 2966 1142 3044 sententiam
1160 2966 1234 3042 7733.
1251 2965 1529 3056 congregationis

288 3081 499 3173 approbavit,
525 3088 559 3156 nt
584 3081 618 3154 in
643 3079 802 3154 onntnuu
829 3080 1020 3152 executioni
1044 3077 1196 3156 mandari
1219 3077 1328 3169 jussit.

363 3195 483 3266 Datum
508 3195 634 3265 Romae
659 3191 714 3265 die
742 3195 786 3262 75
813 3190 967 3282 eiusdem
993 3191 1120 3264 mensis
1147 3191 1225 3266 anni
1254 3194 1360 3266 7737.

869 3387 953 3467 tet.

363 3531 460 3605 Edito
486 3530 551 3602 sub
576 3529 631 3603 die
658 3534 704 3620 22
730 3527 930 3610 Novembris
958 3531 1051 3606 triti
1070 3528 1221 3608 Decreta,
1239 3524 1393 3597 uidelicet
1413 3553 1425 3584 ι
1442 3523 1529 3597 Cum

290 3645 528 3718 sanctissimus
553 3643 717 3714 Dominus
742 3643 863 3715 Noster
887 3639 1087 3713 Benedictus
1103 3639 1179 3710 xlii
1197 3638 1231 3710 S.
1253 3635 1427 3728 Aloysium
1441 3637 1529 3709 Gon-

291 3773 407 3851 negant
433 3755 619 3832 decreuerit
645 3755 842 3834 sdernnitnr
864 3751 1150 3836 canonizandum,
1183 3756 1230 3836 ut,
1251 3748 1530 3830 Adnlncontibus

294 3868 490 3964 3333333773
529 3867 759 3952 venerandus,
786 3874 886 3958 atquc
912 3862 1092 3948 imitandus
1125 3869 1368 3956 proponeretur
1398 3863 1530 3954 7333373

292 3983 481 4062 sununs
506 3981 593 4060 utun
616 3981 839 4070 durissimus-5
855 3985 933 4071 post
949 3977 1023 4068 eine
1040 3993 1120 4054 roro
1137 3977 1424 4062 nuuututonen
1439 3974 1529 4056 mut·

293 4103 347 4176 tre
371 4111 434 4187 por
458 4094 584 4176 Orbuu
609 4095 750 4174 3333733
775 4092 874 4169 etiem
900 4096 996 4167 erra
1021 4091 1221 4170 Societatem
1238 4091 1329 4172 7333,
1347 4088 1440 4170 titum
1465 4087 1531 4160 sibi

294 4223 417 4299 magua
441 4226 520 4286 3373
545 4207 684 4282 utilitate
708 4203 907 4286 imitandum
931 4211 969 4278 ut
993 4205 1177 4296 33333733,
1196 4209 1230 4279 37
1249 4200 1477 4284 effluendum
1494 4205 1531 4274 ut

296 4322 477 4413 Patrouutu
503 4318 763 4422 proposuerim
788 4315 912 4402 idcireo
942 4316 1104 4398 Sanctitas
1137 4317 1229 4400 Sua,
1261 4333 1331 4400 77777
1362 4312 1530 4396 33733373
