3182 4922
648 353 870 422 -559-

210 482 332 556 Datum
364 484 490 557 Romae
515 503 559 560 ex
592 485 775 564 secretoria
808 485 960 579 ejusdem
993 487 1066 562 Sao.
1100 487 1375 584 congregationis

136 594 192 669 die
221 599 266 666 l2
291 595 399 671 Martii
427 600 533 670 lillis.

809 713 846 786 F.
872 712 977 788 Cano.
1002 710 1176 796 Asoomros
1202 716 1323 794 emer.

868 826 909 898 Δ.
939 825 1099 900 Colomlea
1126 827 1250 904 Secret.

653 1019 853 1095 DCXLVIII.

666 1205 845 1260 ntssttlnll.

208 1385 265 1456 En
286 1386 388 1476 parte
415 1383 645 1458 Clarissarnm
673 1384 828 1458 Ciuitatis
859 1385 1079 1462 Massiliensis
1103 1387 1140 1462 in
1167 1389 1283 1466 Gellia
1309 1391 1372 1467 ira·

133 1495 277 1570 miilime
303 1502 521 1588 eepoanmm
545 1498 720 1589 sequentia
738 1497 856 1570 dubia.

208 1609 365 1681 Ferraris
389 1607 579 1698 (Bibliollt.
601 1610 729 1682 Canon.
763 1609 866 1682 Verbo
883 1609 1020 1702 luduin.
1029 1610 1051 1700 )
1077 1611 1154 1684 «Ex
1179 1611 1373 1690 Concessio·

133 1739 215 1794 ‚ne
239 1721 360 1794 Leonis
387 1721 416 1792 ll
443 1720 605 1796 Clarissae
629 1726 772 1814 possunt
796 1721 959 1814 consequi
985 1723 1168 1816 plenariam
1198 1726 1374 1802 ahsolutio-

132 1864 145 1898 ι
170 1851 250 1907 nem
275 1839 309 1907 et
332 1831 585 1924 Indulgentlam,
604 1851 642 1906 ao
658 1833 797 1926 insuper
814 1834 971 1926 Papalem
989 1835 1270 1924 Benedictiooem,
1288 1858 1370 1931 qua·

132 1974 145 2011 r
171 1953 247 2020 tuor
271 1946 306 2020 in
331 1963 420 2020 anno
445 1944 564 2020 diebos
589 1946 711 2037 quibus
736 1946 923 2031 maluerint,
942 1951 973 2022 et
991 1947 1143 2022 traditur
1158 1950 1334 2043 [ermolas

210 2057 378 2151 Confiteor
404 2062 464 2131 elo.
490 2059 701 2132 Meserealur
724 2062 785 2132 etc.
812 2057 1067 2149 laaatpeatiam
1093 2065 1154 2134 ete.
1179 2065 1372 2141 «Dominus

132 2172 259 2248 Noster
274 2171 352 2246 iesu
371 2169 521 2244 Gltrislns
535 2189 599 2264 per
614 2171 738 2244 merita
752 2189 834 2246 snae
853 2172 1094 2246 Sanctissimae
1118 2174 1292 2250 Passionis
1311 2196 1372 2254 uos

132 2283 303 2364 obsoleat,
330 2286 363 2356 et
387 2282 541 2375 prolium
564 2301 665 2358 snam
693 2283 788 2358 eolis
816 2281 988 2376 infundat.
1014 2285 1058 2356 ot
1083 2301 1145 2376 epo
1165 2288 1373 2364 anctoritate

132 2396 240 2490 ipsius
265 2398 297 2468 el
321 2395 393 2468 BR.
419 2395 660 2487 Apostolorum
686 2395 780 2468 Petri
805 2398 838 2470 et
862 2394 966 2469 Pauli
990 2399 1024 2468 el
1049 2395 1268 2474 Soranorum
1284 2399 1372 2474 Pon·

132 2508 262 2604 lifioum
289 2505 412 2582 mator·
435 2507 563 2584 Nostro
589 2525 632 2582 oc
656 2508 752 2583 eolis
777 2525 946 2589 concessa,
964 2511 997 2582 et
1013 2505 1099 2582 milri
1123 2508 1160 2582 in
1184 2508 1251 2586 lrac
1266 2516 1372 2606 parte

133 2619 315 2695 commissa
340 2619 479 2693 aesalon
505 2639 565 2694 oos
590 2620 634 2694 ai
661 2621 755 2694 omni
779 2620 916 2694 oincnlo
942 2621 1279 2697 Eacamuaiaotianis
1294 2639 1370 2700 ma·

125 2733 217 2825 ioris
241 2731 296 2806 oei
319 2732 462 2806 minaris
488 2737 520 2806 et
547 2731 731 2814 interdicti,
756 2733 786 2808 si
811 2731 905 2824 qood
926 2732 1016 2826 sorte
1040 2732 1242 2816 insanistis,
1269 2739 1302 2810 ei
1317 2753 1370 2809 re-

132 2847 236 2920 stituo
253 2863 313 2918 aas
335 2844 455 2918 unioni
471 2847 504 2917 et
518 2843 781 2937 participationi
803 2843 955 2940 fidelium
972 2861 1033 2918 nee
1048 2863 1119 2920 nen
1136 2846 1371 2924 sacrosanctis

131 2956 304 3032 Ecclesiae
331 2958 571 3032 sacramentis.
598 2958 684 3032 Item
709 2957 830 3032 eadere
855 2957 1062 3032 caeleritate
1088 2958 1226 3034 absoluo
1244 2980 1304 3036 aas
1325 2963 1370 3036 al

132 3070 228 3145 muni
253 3069 519 3162 transpressione
542 3073 702 3146 aetorum
728 3074 760 3144 el
784 3070 946 3162 reputas,
975 3067 1279 3154 Constitutionam,
1308 3074 1371 3145 Or·

132 3183 351 3258 electionum
375 3183 548 3272 maionem
572 3187 780 3265 aestrorum,
806 3183 851 3256 ab
878 3179 1033 3255 amnibus
1055 3183 1272 3276 poenitentiis
1288 3185 1372 3260 oili·

132 3297 175 3372 tis
200 3315 259 3370 seu
285 3294 389 3368 etiam
414 3297 585 3388 neplectis,
612 3299 644 3368 et
670 3297 715 3368 alr
742 3295 898 3368 omnious
921 3293 1070 3387 peccatis
1092 3295 1222 3376 uestris,
1250 3297 1371 3387 animis

131 3413 256 3484 contra
280 3408 389 3480 Deum
414 3411 446 3480 et
466 3407 668 3499 proximum
691 3407 884 3500 [rapilitate
909 3405 1076 3488 inmane,
1098 3407 1300 3499 ipnarantia
1316 3411 1371 3484 oei

129 3521 270 3596 malitia
287 3519 485 3612 detinuistis,
503 3520 797 3596 concedensooiis
813 3521 1045 3594 remissionem
1066 3523 1097 3594 et
1113 3519 1370 3614 lnriulpentiom

129 3633 333 3709 Plenariam
350 3634 502 3706 amnium
510 3637 733 3726 peccatorum
749 3636 939 3708 nestrorum
956 3633 1197 3727 consessorum,
1217 3637 1248 3706 et
1265 3633 1370 3708 etiam

130 3752 332 3824 cunctarum
357 3745 399 3820 ee
425 3747 544 3838 auitas
569 3765 639 3820 nan
663 3745 895 3821 recordamini
928 3749 990 3820 ant
1023 3744 1149 3822 oblitae
1174 3745 1303 3839 fuistis,
1333 3746 1372 3822 in

131 3865 302 3954 mantum
326 3859 437 3933 claves
462 3859 632 3934 Ecclesiae
656 3879 691 3934 se
716 3857 914 3942 extendent,
942 3863 974 3932 el
998 3859 1138 3932 restituo
1164 3877 1223 3932 aas
1241 3856 1293 3932 iili
1317 3858 1370 3932 in·

133 3971 312 4046 nocentiae
337 3971 374 4045 in
400 3989 469 4063 qno
487 3972 602 4054 eratis,
622 3970 761 4063 qnando
788 3971 985 4064 baptizatae
1009 3969 1131 4066 inistn,
1150 3974 1182 4044 et
1199 3969 1369 4062 anamodo

134 4084 308 4158 Sanctitas
333 4083 474 4155 Domini
498 4084 617 4156 Nostri
642 4085 686 4156 N.
713 4084 833 4176 Papae
856 4083 996 4177 sacnet,
1022 4083 1052 4156 si
1076 4082 1220 4176 ipseneet
1237 4083 1274 4157 in
1291 4101 1370 4158 can·

131 4196 275 4290 immone
294 4200 442 4290 peccata
465 4200 580 4271 uestra
605 4197 828 4272 annullasset
852 4200 913 4271 etc.
940 4213 983 4272 ac
1008 4193 1128 4270 eaden
1161 4195 1370 4272 auctoritate

132 4310 332 4405 apostatica
348 4307 622 4386 Benedictienem
646 4310 815 4406 Papaten
839 4310 933 4388 eoin
958 4309 1151 4406 impertiar.
1170 4307 1212 4384 ln
1232 4309 1369 4386 nemim
