3120 4924
536 391 755 461 -227-

61 533 178 624 langue
201 529 376 604 muluatus
400 529 564 603 universis
581 531 757 624 utriusque
772 549 877 605 sexus
894 529 1182 618 Chrhtilidcllhus,
1201 535 1260 627 qui

61 647 151 718 mern
172 643 351 717 Dominicis
377 642 496 718 diebus
522 643 687 716 continuis
709 649 785 730 ante
811 643 935 718 testum
955 644 991 717 S.
1010 645 1127 738 ignatii
1152 645 1260 740 Lopo-

62 757 108 840 lae‚
128 757 193 829 sire
224 755 305 828 alias
329 773 392 848 per
416 775 540 829 annum
566 775 646 830 uere
670 758 879 850 poenitentes
905 755 1065 842 conlessi,
1091 759 1260 851 Sacraque

62 869 270 942 lommuninne
294 869 408 942 reiecti
433 869 495 961 piis
520 868 802 954 meditationibus
829 877 885 942 aut
910 869 1127 957 orationihus,
1145 871 1259 946 ahisre

61 982 231 1054 lhristhnae
256 981 388 1074 pietatis
413 980 572 1073 operibus
590 981 632 1053 ad
649 981 800 1076 ejusdem
817 983 929 1055 Sancti
952 982 1126 1068 honorem,
1145 1002 1183 1055 ac
1199 985 1260 1058 liei

59 1095 162 1185 ghriam
186 1092 339 1165 vacando
362 1093 640 1167 sanctificaverint
665 1099 698 1167 et
731 1094 876 1186 aliquam
909 1094 1060 1188 ejusdem
1086 1096 1259 1168 societatis

58 1207 205 1280 numiam
231 1205 353 1279 devote
378 1205 592 1291 visitamini,
618 1207 652 1278 in
678 1207 826 1299 qualibet
851 1225 895 1280 ex
919 1207 1097 1300 praedictis
1114 1210 1260 1282 Domini·

57 1319 283 1392 citilenariam
308 1325 521 1412 peccatorum
547 1339 687 1393 suornm
715 1319 959 1412 indulgentiam
992 1319 1167 1394 concessit.
1193 1321 1260 1395 vo

56 1432 152 1524 inique
174 1430 303 1506 nauem
328 1433 491 1506 Sanctitas
517 1433 585 1506 Sua
609 1431 803 1525 hujusmodi
820 1433 958 1525 gratiam
974 1434 1147 1527 perpetuis
1171 1432 1259 1507 iutu-

56 1545 304 1640 rhlemporihus
329 1544 401 1619 iore
425 1545 610 1621 valituram.
636 1548 758 1619 ilatum
783 1547 909 1619 llornae
934 1563 978 1618 eu
1004 1547 1186 1621 Secretaria
1202 1547 1260 1622 Sa·

55 1673 109 1732 cae
128 1658 400 1753 congregationis
425 1657 612 1752 indulgent.
638 1657 692 1731 die
718 1663 764 1730 27
790 1658 935 1732 ianuarii
964 1663 1072 1732 ¹767.

622 1771 662 1845 N.
689 1771 793 1845 Canu.
819 1769 1035 1844 hurounmus
1062 1772 1185 1846 Panas.

744 1887 778 1959 S.
804 1886 938 1980 Borgtc
964 1885 1087 1960 Socrui.

557 2080 728 2156 ccxciv.

121 2225 299 2282 nommrcu
323 2223 607 2282 numerarium
632 2229 663 2280 n.
689 2229 724 2282 u.
752 2229 785 2284 v.
812 2227 854 2282 ur
879 2227 990 2281 neuun
1015 2225 1167 2281 cannaco

105 2333 151 2408 liti
172 2333 379 2410 humillimas
412 2351 530 2426 preces
562 2333 615 2406 Fr.
648 2335 785 2408 ilariani
814 2334 1003 2408 Venlimllia
1032 2333 1203 2407 Generalis
1228 2341 1262 2408 et

54 2444 90 2516 ir.
121 2447 254 2559 losephi
287 2445 414 2520 hiberti
450 2445 614 2519 Ximenec
652 2447 879 2520 Procuratoris
917 2447 1089 2518 Generalis
1110 2445 1261 2524 ¹Ordinis

54 2557 78 2628 i.
97 2559 133 2632 ll.
156 2561 196 2634 ll.
223 2559 271 2633 de
295 2560 408 2633 iionte
432 2557 585 2632 carmelo
602 2559 839 2633 sanctissimus
863 2559 1027 2632 Dominus
1052 2559 1172 2632 Noster
1188 2559 1262 2633 Cle·

53 2687 125 2743 nens
146 2673 208 2745 ΡΡ.
235 2673 313 2744 iiiii
337 2671 582 2763 indulgentiam
607 2672 793 2745 Plenariam
818 2689 1014 2746 concessam
1042 2673 1106 2746 sub
1132 2671 1186 2746 die
1215 2675 1259 2746 il
1396 2671 1400 2680 '

54 2781 221 2857 hiltrih
250 2785 285 2857 in
309 2803 377 2856 una
395 2803 438 2857 ex
463 2802 590 2857 novem
621 2785 727 2858 Feriis
757 2786 884 2877 quartis
916 2785 1105 2860 immediate
1131 2793 1263 2860 antece-

55 2891 180 2970 lanlihus
213 2897 341 2970 lestum
374 2895 408 2968 S.
437 2896 574 2990 insopiti
600 2897 721 2990 Sponsi
749 2899 784 2969 li.
810 2899 853 2970 M.
879 2896 920 2970 ll.
946 2915 1024 2970 oum
1054 2899 1264 2990 expositione

55 3003 265 3082 lautissimae
295 3009 524 3083 Eucharistiae
556 3010 760 3082 sacramenti
791 3009 825 3081 in
855 3009 1002 3100 qualibet
1034 3027 1078 3082 ex
1107 3009 1263 3084 Ecclesiis

55 3117 110 3192 iir.
132 3121 292 3215 praedicti
309 3121 443 3195 Ordinis
460 3121 667 3213 ubicumque
692 3121 914 3194 existentibus
927 3119 1067 3210 siugulis
1093 3120 1189 3191 aunis
1213 3118 1262 3192 ia·

55 3233 156 3318 cunda,
179 3253 243 3328 per
267 3251 549 3326 unumquemque
573 3234 748 3324 utriusque
774 3244 878 3305 seius
903 3228 1178 3313 christifidelem‚
1205 3231 1264 3321 qui

55 3345 192 3432 praelatae
217 3346 428 3418 sanctissimi
453 3346 660 3418 sacramenti
686 3345 895 3438 Expositioni
928 3340 1111 3414 interfuerit
1142 3338 1264 3449 adsui

55 3453 158 3531 lihitum
182 3456 337 3551 eligenda
366 3457 647 3542 lucrifaciendam,
674 3464 706 3529 et
730 3457 766 3529 in
796 3456 932 3547 reliquis
965 3451 1163 3547 supradietis
1189 3458 1264 3524 octo

56 3567 123 3642 leiis
142 3571 387 3664 indulgentiam
413 3578 548 3644 centum
575 3571 705 3644 dierum
723 3570 904 3642 clementer
921 3564 1070 3640 extendit
1086 3562 1129 3636 ad
1145 3579 1263 3636 omues

58 3685 80 3752 el
100 3683 237 3777 singulas
261 3684 428 3758 Ecclesiae
453 3685 645 3758 lionialium
662 3683 934 3756 Excalceatarum
955 3677 1114 3773 praedicti
1131 3674 1264 3749 Ordinis

57 3811 102 3884 pro
115 3797 264 3872 omnihus
279 3797 457 3889 utriusque
470 3813 574 3870 sexus
588 3795 866 3870 christifidelibus
880 3793 938 3886 qui
952 3811 1032 3865 vere
1044 3789 1263 3883 poenitentes,

59 3907 176 3983 uuest
199 3917 232 3986 et
257 3911 291 3984 S.
326 3911 573 3984 communione
604 3909 718 3983 reiecti
752 3907 859 3981 dictae
888 3905 1123 3978 Sanctissimae
1152 3901 1266 3972 Sacra·

58 4022 137 4095 nenti
159 4019 383 4098 Eucharistiae
408 4022 617 4116 Expositioni
634 4040 697 4116 pro
713 4021 862 4096 Plenaria
881 4015 1087 4108 indulgentia
1106 4011 1264 4086 lucranda

59 4127 160 4205 huna
183 4153 226 4208 er
249 4135 379 4210 eisdem
405 4132 496 4208 ieriis
521 4135 648 4228 quartis
674 4141 707 4208 et
732 4141 867 4207 centum
893 4129 1024 4202 dierum
1041 4127 1077 4198 in
1093 4131 1168 4198 uoto
1191 4123 1267 4197 reli·

60 4243 118 4329 enh
138 4243 224 4317 lerih
246 4247 430 4321 dummodo
455 4246 557 4321 corde
582 4248 699 4319 saltem
733 4245 863 4319 contriti
888 4237 1114 4322 intenderint,
1141 4255 1179 4307 ac
1204 4251 1265 4326 per

61 4351 174 4446 alpach
195 4363 351 4455 temporis
376 4361 522 4455 spatium
548 4361 603 4456 pie
627 4359 804 4434 oraverint.
822 4355 1003 4446 voluique
1019 4349 1181 4424 Sanctitas
1198 4347 1266 4420 Sua
