3214 4928
580 381 813 449 ...43-

186 513 271 588 iales
288 514 323 586 in
340 513 459 608 primis
475 520 555 588 sunt
570 515 655 600 illae,
672 515 722 589 uti
738 521 903 600 asserunt,
921 531 1101 589 concessae
1118 533 1137 590 3
1154 516 1327 592 loanuell

130 624 247 698 etSisto
270 626 316 698 lll
342 627 559 700 recitantibus
585 628 778 702 Orationem
803 627 983 712 charitalis
1003 629 1084 701 Jesu
1108 627 1231 703 Christi
1259 631 1327 703 llo·

129 739 190 808 nini
210 738 329 822 Nostri,
357 740 484 814 Precor
501 745 532 813 le
548 742 703 814 Piissr'rne
724 742 870 814 Domine
895 747 956 814 etc.
984 741 1026 814 ab
1051 739 1186 816 Urbano
1210 743 1239 815 ll
1263 741 1327 816 Ec·

128 850 221 922 rimiae
244 851 278 923 S.
305 852 430 924 Mariae
454 859 493 926 ut
515 854 616 946 vulgo
633 852 698 926 dici
715 855 809 940 solet,
838 855 1096 947 Compopnoloe
1113 858 1145 926 et
1164 856 1197 927 S.
1220 855 1328 928 Victo·

128 965 190 1046 rior,
213 963 253 1036 ab
277 965 433 1057 Eugenio
457 965 500 1038 lll
524 965 729 1040 Revelationi
747 966 790 1040 de
811 967 909 1060 Plaga
927 969 960 1039 in
977 968 1125 1041 Homero
1138 968 1220 1041 Jesu
1235 965 1328 1040 Chri·

126 1074 270 1148 stinctae
295 1077 332 1148 S.
360 1075 540 1162 Eemardo,
566 1077 609 1149 ab
634 1079 828 1152 innocentio
853 1079 896 1151 lll
918 1077 1278 1154 Arcliconbalemitati
1294 1085 1329 1152 et

126 1183 215 1257 trum
245 1187 524 1280 Redemptionis‚
562 1208 582 1260 a
619 1189 786 1263 Boubaoio
820 1191 867 1263 tx
899 1191 1109 1264 visitantibus
1134 1191 1327 1286 cappellam

125 1296 149 1366 S.
162 1297 274 1370 lbmlai
296 1296 342 1372 de
362 1301 536 1374 Tolentino
549 1299 584 1374 in
601 1301 673 1392 ejus
698 1301 754 1374 dia
778 1303 888 1388 Festo,
910 1319 930 1374 a
949 1302 1077 1376 Ioanne
1095 1303 1189 1376 XXll
1209 1303 1329 1377 obscu-

125 1408 240 1482 laotibns
265 1413 463 1484 Mansuram
488 1411 622 1486 Plantae
648 1411 747 1486 Pedis
772 1415 808 1486 B.
839 1414 960 1488 blaciae
986 1414 1152 1505 Virginis,
1178 1413 1222 1486 ab
1254 1412 1330 1486 Ale·

128 1519 226 1594 nodro
250 1523 297 1595 Vl
321 1523 463 1616 imagini
489 1527 524 1597 B.
551 1525 684 1610 nanae,
703 1525 803 1618 vulgo
819 1524 926 1598 diotae
940 1525 1113 1618 Lopbettt',
1131 1545 1151 1598 a
1167 1525 1328 1600 Leonell

124 1635 305 1720 amantibus
333 1635 518 1710 ianiculum
545 1638 581 1708 S.
602 1637 781 1721 nancisci,
806 1638 953 1730 primum
968 1637 1005 1710 in
1021 1636 1112 1712 Urbe
1128 1638 1327 1732 impressae,

122 1741 219 1819 deinde
242 1746 425 1820 Mediolani
451 1767 540 1821 anno
568 1753 662 1821 lbtltt
688 1753 793 1838 (suas
806 1755 920 1824 tamen
933 1749 1058 1824 babent
1074 1756 1108 1823 et
1124 1767 1221 1823 veras
1238 1749 1327 1823 Con·

121 1853 213 1930 iratres
236 1859 619 1934 Arabiconlraternitatis
644 1859 903 1952 dordigeromm
921 1862 957 1934 S.
973 1860 1162 1949 Francisci)
1177 1861 1329 1935 Recitan-

121 1967 188 2040 lbos
210 1971 453 2046 Salutationem
477 1973 671 2064 angelicam
704 1973 747 2046 ad
779 1974 915 2067 pulsum
948 1973 1141 2066 llorologii,
1175 1981 1210 2049 et
1240 1975 1327 2047 lma·

120 2081 171 2168 gini
192 2083 427 2178 conceptionis
453 2087 575 2160 Mariae
599 2087 746 2178 Virginis
770 2087 1006 2160 immaculatae
1030 2087 1066 2160 in
1086 2086 1210 2160 circulo
1236 2086 1328 2178 dapi-

119 2197 182 2277 ctae
205 2197 303 2287 cujus
327 2197 472 2289 pedibus
492 2198 587 2270 Luna
606 2199 757 2290 subjecta
778 2206 839 2282 est,
866 2217 885 2272 a
902 2200 961 2271 Pio
973 2199 1018 2272 tv
1035 2199 1089 2272 rel
1104 2197 1164 2271 Pio
1188 2197 1218 2269 V
1235 2197 1328 2272 Prin·

118 2305 167 2396 cipi
182 2307 356 2394 Quarum,
375 2329 394 2382 3
411 2311 582 2384 Clemente
599 2311 671 2383 lllll
690 2309 878 2386 dicentibus
894 2312 1086 2386 Orationem
1112 2313 1327 2404 onagrum

117 2417 446 2508 Erculaneum
477 2423 645 2496 Ecclesiae
678 2425 711 2497 S.
742 2426 883 2508 Mariae,
917 2441 1020 2516 quam
1051 2429 1172 2496 vocant
1200 2425 1327 2498 Montis

118 2529 241 2614 saort,
267 2534 444 2608 Arenicne
468 2535 662 2628 impressae,
688 2543 760 2610 tum
786 2537 869 2610 aliae
897 2554 961 2629 pro
986 2534 1163 2608 animabus
1187 2532 1327 2607 Christi·

117 2641 245 2720 idolium
262 2648 499 2722 detunctorum
518 2650 702 2742 impressae
717 2650 839 2723 Matriti
864 2653 912 2721 20
928 2648 1004 2722 lulli
1025 2651 1118 2720 ltttlb
1138 2665 1157 2720 a
1176 2645 1326 2720 PauloV

115 2759 308 2833 nonnanes
334 2761 523 2851 llymnum:
555 2763 598 2832 Te
623 2761 772 2834 Matrem
797 2761 862 2834 Det
888 2759 1089 2841 tondemus,
1116 2763 1148 2832 te
1173 2759 1327 2834 Mortem

119 2868 271 2962 Virginem
300 2875 516 2967 confitenter,
545 2874 597 2947 vel
621 2876 651 2947 si
684 2875 739 2948 die
771 2875 884 2948 sabati
916 2875 1089 2948 intererint
1121 2873 1203 2948 dum
1235 2872 1327 2945 idem

115 2983 233 3070 tanim,
261 2994 299 3060 et
314 2985 465 3071 Coronis,
482 2987 639 3071 Rosariis,
658 2987 874 3080 imaginibus,
893 2995 926 3060 ct
946 2987 1221 3070 nomismatibus,
1239 3003 1327 3077 quae

115 3091 283 3170 Medullius
301 3097 469 3190 appellant
484 3098 526 3170 ab
553 3116 594 3170 eo
618 3098 816 3182 benedictis
833 3098 993 3172 Eoderioo
1010 3097 1107 3172 card.
1126 3100 1327 3170 Eorromaeo

116 3208 308 3298 supplicante
333 3228 421 3282 anno
451 3214 539 3281 ltili
571 3210 654 3282 dum
671 3211 820 3284 Ecclesia
835 3211 961 3284 Romae
978 3211 1013 3282 in
1030 3210 1194 3284 bonorem
1210 3209 1245 3280 S.
1264 3207 1326 3282 Ca·

116 3315 163 3388 roi
185 3319 426 3404 aedificaretur,
453 3328 486 3394 et
512 3322 554 3394 ab
581 3321 700 3394 eodem
726 3323 828 3394 Paulo
854 3329 888 3396 et
913 3322 1073 3414 Gregorio
1103 3321 1166 3394 XV
1191 3320 1327 3392 dicenti·

117 3425 167 3498 bus
192 3461 203 3492 ι
229 3435 291 3506 Sto
317 3433 435 3506 lodutc
461 3435 488 3506 il
509 3435 710 3506 Sonltsstmc
731 3436 1084 3526 sacramentalem
1106 3433 1326 3508 Sonctbmno

120 3537 323 3616 sacramento
348 3575 383 3629 ι,
418 3545 460 3618 ab
493 3543 627 3617 Urbano
660 3544 735 3618 Vlll
766 3546 801 3617 in
834 3545 997 3619 bonorem
1031 3543 1184 3637 eiusdeffl
1209 3542 1326 3614 Sacra-

119 3656 213 3738 menti,
238 3655 396 3748 precibus
422 3654 607 3730 cardinalis
632 3655 809 3748 llagalolti,
836 3663 869 3731 et
894 3656 1143 3738 Sacerdotibus,
1161 3652 1328 3728 celebrata

120 3759 211 3850 llissa
235 3769 424 3842 dicentibus
448 3797 461 3830 ι
485 3771 556 3841 Aee
580 3769 672 3841 nitio
698 3769 763 3842 Dei
787 3771 916 3852 Petris,
942 3771 1014 3844 Aac
1045 3769 1159 3842 Meter
1183 3767 1249 3840 Dei
1273 3767 1327 3839 m-

121 3871 151 3942 lii
170 3899 242 3960 »,a
272 3881 443 3954 Clemente
475 3883 508 3953 Χ
538 3881 756 3956 recitantibus
788 3899 905 3968 manc,
938 3879 1080 3956 meridie
1113 3898 1153 3953 ac
1185 3894 1327 3971 vespere

121 3997 292 4064 comeciam
318 3991 534 4086 antiphonam
559 4023 571 4054 «
596 3993 746 4086 Angelos
776 3995 916 4066 Domini
941 4023 953 4057 ι
978 3999 1012 4066 et
1043 3992 1080 4065 in
1111 3991 1180 4066 line
1208 4018 1221 4053 ι
1252 3991 1325 4062 Deo

123 4095 522 4180 enumerationem
555 4123 594 4178 ac
626 4104 764 4179 demum
798 4105 880 4180 aliae
912 4124 931 4176 a
963 4103 1133 4178 nonnullis
1163 4101 1326 4173 Romanis

124 4205 314 4290 Pmb'lieibus
339 4219 500 4304 bibone,
527 4227 565 4290 ut
589 4219 699 4310 ajunt,
727 4218 867 4292 Coronis
896 4217 1131 4309 Mysteriomm
1156 4211 1325 4288 Passionis

124 4313 233 4398 bomini
257 4327 367 4401 Nostri
392 4331 470 4406 lesu
496 4329 618 4403 Christi
642 4347 744 4423 prece
767 4327 879 4420 blagni
902 4326 1004 4406 Ducis
1028 4325 1201 4424 Etruriae}
