3182 4922
788 372 1007 439 —534-

798 557 988 633 ncxxvtl.

588 688 610 778 (
618 685 776 777 uertitur
803 683 967 758 Generolc
993 681 1204 772 Decretum)

719 844 840 898 uuats
873 843 921 894 ur
951 841 1070 895 oauts

352 954 436 1024 curu
462 955 613 1044 potestus
644 948 839 1045 conserendi
868 947 1105 1042 indulgentius
1131 967 1154 1020 o
1182 946 1313 1020 christo
1344 947 1520 1021 Ecclesiae

276 1083 433 1137 concesso
450 1066 493 1136 sit
511 1062 710 1136 infidelium
735 1064 919 1144 utilitatem,
947 1051 1048 1152 atque
1065 1079 1300 1133 caramuelem
1320 1058 1520 1134 Christiano

270 1177 402 1269 popolo
429 1177 582 1274 macinae
607 1177 796 1249 solutorem
822 1194 890 1248 csse
916 1173 1058 1248 affirmet
1088 1171 1209 1244 Sancta
1237 1170 1433 1245 'tridentina
1461 1172 1522 1264 Sp-

275 1287 385 1360 uodus
412 1287 528 1378 (Sese.
557 1291 603 1358 26
631 1286 719 1360 deor.
747 1287 789 1360 de
815 1286 943 1378 lodnlg.
959 1287 989 1374 ),
1019 1301 1205 1376 congruum
1223 1284 1361 1356 omuino
1387 1283 1523 1357 videtur

276 1417 376 1471 omne
394 1399 543 1472 studium
560 1399 756 1493 impendere
773 1405 810 1471 ut
826 1397 1063 1489 indulgentias,
1082 1413 1171 1487 quaa
1187 1396 1362 1472 occasione
1388 1395 1522 1470 diorum

273 1510 435 1584 latorum
461 1513 514 1584 vol
531 1529 711 1586 concessae
726 1513 795 1602 jam
812 1516 892 1584 sunt
907 1510 960 1583 vel
982 1507 1220 1592 concedentur,
1247 1507 1366 1582 ndetes
1391 1507 1522 1582 facilius

274 1619 394 1695 lucrari
419 1623 558 1715 possint,
586 1641 695 1715 eoque
720 1623 827 1714 magis
854 1640 931 1694 cum
956 1622 1077 1714 iugens
1094 1621 1209 1714 populi
1235 1619 1415 1696 Christiani
1443 1637 1522 1695 oon·

275 1751 395 1808 cursus
420 1735 464 1808 sd
480 1755 519 1809 ea
536 1733 619 1810 testa
645 1734 844 1809 celebranda
860 1734 1045 1808 conveniat.
1065 1735 1138 1806 lom
1164 1751 1245 1807 roro
1269 1751 1359 1819 cum,
1377 1733 1446 1807 hac
1462 1752 1520 1806 no·

274 1853 344 1919 stra
368 1848 566 1940 praesertim
583 1853 700 1932 aotam,
718 1847 866 1920 maxime
883 1847 927 1919 ob
944 1845 1191 1920 Ecclesiasticus
1208 1843 1463 1920 conventiones
1479 1845 1521 1919 ab

272 1955 462 2051 Apostoliea
479 1959 567 2034 Sede
584 1979 662 2034 cum
679 1959 804 2034 exieus
830 1959 1020 2032 nationibus
1040 1957 1148 2042 tuitas,
1166 1957 1329 2032 laetorum
1350 1957 1523 2050 legitimae

167 2165 168 2170 Ν
273 2071 504 2144 translationes
523 2079 716 2163 occurrant;
743 2079 776 2146 et
793 2071 977 2164 generatim
994 2089 1072 2144 cum
1089 2089 1152 2163 per
1168 2069 1363 2162 hujusmodi
1381 2071 1523 2145 cansta-

273 2182 382 2256 tioues
400 2185 557 2276 exjustis
574 2183 695 2269 causis,
710 2183 831 2258 debitis
848 2191 1053 2258 tamencum
1070 2182 1282 2256 facoltatibus
1298 2181 1404 2256 tactas
1422 2183 1522 2272 (licet

273 2293 371 2368 etiam
397 2313 459 2387 pro
485 2296 553 2369 sola
580 2297 712 2370 externi
727 2296 836 2370 cultus
862 2295 1084 2370 celebratione
1101 2295 1183 2386 quin
1201 2300 1235 2367 et
1251 2311 1320 2368 uua
1345 2294 1449 2370 simul
1466 2295 1519 2367 ot-

275 2406 387 2479 ticium
412 2427 490 2482 cunr
522 2406 623 2483 Missa
652 2408 910 2496 transferatur),
945 2406 1095 2480 noenum
1122 2405 1256 2479 devotio
1287 2406 1455 2480 excitetur
1477 2405 1522 2479 ad

272 2517 477 2594 laudandum
502 2522 683 2595 Dominum
708 2523 743 2594 in
769 2521 899 2594 Sanctis
925 2522 1018 2612 siue,
1049 2519 1127 2592 huic
1151 2516 1302 2590 fidolium
1328 2518 1446 2610 pietati
1470 2519 1518 2591 to·

272 2631 402 2704 tendes
428 2639 528 2724 atque
554 2635 741 2706 animarum
767 2633 864 2706 soluti
891 2651 996 2725 quam
1022 2631 1170 2704 maxime
1190 2631 1330 2703 interest
1354 2636 1394 2704 ut
1420 2632 1518 2704 mam

271 2740 500 2834 indulgentiae
516 2744 570 2816 hle
586 2745 680 2818 testis
698 2744 850 2818 adnexae
866 2743 1116 2817 transferantur.
1131 2743 1290 2828 Quamvis
1302 2749 1419 2816 sotem
1437 2743 1515 2816 alias

269 2857 341 2924 tum
360 2872 379 2923 a
395 2854 429 2925 S.
447 2855 583 2927 ilituum
610 2857 874 2948 congregatione
892 2861 963 2927 tum
981 2854 1023 2928 ab
1043 2855 1107 2926 hae
1125 2852 1227 2926 Sacra
1253 2853 1518 2946 congregatione

269 2963 487 3055 indulgentiis
498 2968 672 3060 sacrisque
685 2969 847 3060 nonqutts
861 2967 1051 3060 praeposita
1072 2965 1388 3058 quaestinonem,
1407 2975 1516 3042 utrum

270 3075 305 3148 in
322 3079 538 3153 translatione
556 3079 717 3154 testorom
735 3082 834 3154 ettam
852 3069 1030 3152 translatae
1057 3079 1281 3170 intelligantur
1298 3078 1453 3154 adnexae
1467 3079 1518 3151 lo·

270 3187 471 3279 (inigenitus,
490 3199 523 3264 et
541 3193 593 3266 vel
610 3192 763 3284 negativa
787 3191 1018 3265 intercesserit
1041 3191 1228 3282 responsio,
1255 3190 1307 3264 rel
1325 3191 1359 3262 io
1379 3189 1514 3282 siugulis

269 3301 404 3376 casibus
429 3304 672 3380 recurrendum
699 3321 774 3378 esso
800 3303 843 3377 ad
868 3305 955 3376 hauc
981 3305 1055 3376 Sac.
1083 3303 1388 3394 congregationem
1415 3301 1514 3376 senei

269 3418 342 3486 tum
369 3421 469 3498 esset,
487 3432 719 3507 necunquam
746 3415 891 3507 generali
909 3414 1043 3490 decreto
1060 3415 1193 3506 pontice
1211 3415 1367 3506 evulgato
1393 3431 1511 3506 osque·

268 3523 349 3597 dum
375 3525 454 3598 huic
482 3527 688 3599 translationi
715 3526 1000 3618 indulgentiarum
1028 3527 1201 3619 provisum
1226 3525 1344 3615 tuerit;
1371 3535 1508 3600 attamen

269 3636 533 3710 Eminentissimi
560 3640 675 3712 Patres
692 3641 727 3712 io
744 3639 963 3714 Generalinus
988 3639 1139 3712 comitiis
1165 3639 1266 3729 nujus
1291 3640 1417 3714 caerem
1433 3639 1508 3714 cdo·

269 3750 482 3841 progestans,
510 3753 645 3826 attentis
671 3753 855 3826 actualibus
881 3759 1071 3844 temporum
1097 3749 1290 3842 hujusmodi
1316 3759 1350 3826 et
1376 3749 1509 3845 peculia·

269 3861 365 3936 ribus
396 3862 545 3938 locorum
573 3871 607 3938 et
632 3864 860 3939 Ecclesiarum
887 3872 920 3938 et
944 3863 1093 3938 fidelium
1123 3863 1391 3949 circumstantiis,
1416 3871 1508 3955 atoue

269 3973 368 4045 olium
394 3973 449 4048 dio
478 3981 521 4048 lo
548 3977 720 4050 Februarii
746 3977 910 4052 currentis
936 3977 1016 4049 anni
1042 3993 1103 4069 pro
1123 3975 1341 4050 concessione
1367 3971 1502 4069 generali

269 4087 493 4161 translationis
518 4088 803 4180 indulgentiarum
821 4089 997 4162 occasione
1013 4087 1237 4161 translationis
1253 4086 1415 4162 testarum
1432 4101 1503 4178 sup

266 4195 460 4285 plicandom
486 4201 703 4274 sanctissimo
729 4203 930 4276 unanimiter
955 4208 1171 4274 censuerunt.
1198 4200 1435 4276 sanctissimus
1450 4199 1503 4270 in·

268 4323 336 4396 otte
360 4310 523 4385 Dominus
549 4313 669 4388 Noster
695 4314 774 4388 Pius
799 4315 860 4388 PP.
887 4315 933 4388 lli
959 4313 1072 4390 audita
1096 4312 1139 4386 de
1163 4312 1217 4388 his
1242 4312 1400 4388 omnibus
1422 4309 1499 4384 res
