3214 4928
801 359 994 428 ..30-

278 495 517 580 Dotroamiom,
545 497 751 580 Maeoniam,
773 499 806 568 et
821 496 978 570 Sitesiom
995 513 1072 569 cunr
1086 495 1318 589 applicatione
1331 492 1513 585 tndutpen·

278 612 408 684 tiarnm
424 630 469 684 ere
484 611 625 704 speciali
638 609 824 702 prioitepio
842 609 902 682 seo
921 609 976 681 dic
993 613 1039 680 23
1058 609 1252 682 Decembris
1272 611 1359 680 itti
1384 625 1511 700 oppro-

279 722 374 805 buta,
400 742 442 796 ac
464 741 530 816 per
555 724 664 797 Breve
690 721 759 795 diei
787 727 832 793 12
858 723 980 796 Martii
1008 726 1101 792 1742
1125 721 1341 814 contrectato.

324 843 358 909 i.
383 835 603 926 Adiutorium
627 839 783 908 nostrum
807 836 844 908 in
870 835 1017 908 Nomine
1043 835 1194 908 Domini.

327 967 361 1030 n.
391 948 457 1033 Qui
481 947 560 1041 tecit
588 947 727 1020 Cortum
753 953 785 1020 et
814 949 967 1020 Terram.

326 1067 360 1133 t.
386 1061 556 1133 Duoraizo
582 1079 642 1133 ons
667 1060 890 1132 Numismato
914 1077 980 1152 per
1005 1060 1116 1132 Deum
1132 1060 1273 1130 Patrem
1297 1067 1331 1136 ει(
1357 1055 1523 1148 Omnipo-

278 1175 420 1254 tmtem‚
448 1173 507 1262 qni
532 1171 612 1265 tecit
637 1174 768 1246 coetum
795 1177 827 1244 et
852 1177 1002 1256 terram,
1029 1189 1127 1244 moro
1151 1177 1184 1244 et
1209 1171 1327 1244 omnia
1359 1187 1448 1260 quae
1480 1169 1522 1240 in

279 1284 325 1356 eis
350 1288 438 1356 sunt.
470 1285 587 1356 Omnis
612 1285 721 1358 virtus
746 1282 960 1378 Adversarii,
988 1285 1098 1356 omnis
1123 1284 1291 1356 coercitus
1312 1280 1465 1360 Diaboli,
1485 1285 1521 1350 et

278 1396 387 1468 omnis
412 1396 578 1478 incursus,
607 1415 705 1468 omne
730 1395 942 1488 phantasma
971 1395 1150 1468 Sottonae
1176 1394 1357 1467 eradicare
1383 1397 1415 1464 et
1440 1392 1525 1482 effu-

279 1527 364 1598 pore
389 1508 433 1580 ob
452 1507 505 1580 tois
521 1509 809 1589 nomismatibus,
827 1511 866 1580 ut
882 1509 969 1602 ttoni
990 1509 1157 1590 omnibus,
1177 1508 1236 1596 qui
1253 1507 1299 1580 eis
1316 1505 1412 1577 osori
1428 1507 1524 1582 sunt,

278 1621 372 1692 satus
396 1621 518 1692 mentis
544 1627 576 1692 et
602 1622 755 1714 corporis
780 1622 817 1693 in
843 1621 992 1694 Nomine
1009 1621 1126 1693 Patris
1149 1629 1183 1698 >1⁴
1211 1617 1468 1710 omnipotentis,
1487 1621 1526 1688 et

278 1731 357 1804 iesu
377 1741 411 1810 ›1‹
434 1731 559 1805 Christi
575 1733 656 1805 Filii
669 1734 739 1823 ejus
752 1734 893 1806 Domini
906 1733 1026 1805 Nostri
1039 1737 1071 1805 et
1089 1732 1238 1824 Spiritus
1257 1730 1376 1802 Sancti
1395 1739 1429 1807 »1⁴
1449 1730 1526 1800 Pu·

279 1844 407 1926 ractiti,
435 1849 468 1916 et
492 1845 529 1916 in
557 1844 728 1918 ctoritate
747 1844 897 1935 ejusdcm
915 1845 1055 1917 Domini
1071 1845 1191 1916 Nostri
1207 1845 1285 1916 teser
1304 1841 1442 1924 Christi,
1462 1843 1528 1932 qui

280 1959 442 2029 matrerm
468 1961 516 2029 est
538 1955 696 2046 judicare
720 1958 814 2033 oinos
831 1964 864 2031 et
880 1962 1045 2039 mortuos,
1064 1961 1096 2031 et
1114 1957 1296 2030 Saeculum
1310 1973 1373 2047 per
1394 1954 1525 2045 ipnem.

331 2087 365 2148 n.
388 2070 506 2141 Amen.

357 2181 463 2271 Kprie
480 2181 616 2263 cteism,
633 2180 762 2254 Christe
776 2183 912 2263 eleison,
927 2182 1033 2273 Kprio
1049 2182 1185 2258 etcison.
1200 2183 1305 2255 Potor
1317 2179 1441 2252 Noster
1456 2183 1522 2250 etc.

357 2299 390 2364 tr.
418 2295 462 2365 Et
486 2311 529 2366 ne
554 2312 615 2366 nos
641 2293 786 2368 inducas
811 2296 847 2368 in
869 2296 1102 2369 tentationem.

360 2422 394 2485 u.
420 2404 489 2478 Sed
515 2406 624 2478 libero
649 2425 711 2478 nos
737 2411 797 2480 otc.

362 2523 394 2588 t.
423 2518 546 2591 Satoos
571 2519 628 2611 [ac
653 2537 767 2592 seruos
793 2524 878 2593 tuos.

306 2669 307 2672 κ
357 2647 392 2710 a.
419 2631 510 2702 Deus
534 2647 630 2703 naeus
654 2635 830 2722 sperantes
856 2633 893 2703 in
915 2635 957 2704 te.

359 2746 392 2810 t.
419 2743 500 2813 Dsto
526 2741 623 2814 moon
649 2743 795 2816 Domine
824 2745 942 2815 Turris
966 2740 1189 2836 fortitudinis.

360 2871 394 2933 u.
419 2853 448 2924 Α
475 2854 565 2946 secie
589 2855 732 2927 inimici.

363 2970 395 3036 t.
422 2965 589 3038 Dominus
614 2967 772 3040 uirtutem
795 2970 928 3062 poputo
954 2987 1014 3043 suo
1041 2967 1149 3041 dabit.

326 3097 328 3102 ·
362 3094 397 3157 u.
424 3077 592 3151 Dominus
618 3079 791 3153 benedicet
810 3081 980 3175 poputum
1004 3099 1104 3154 snum
1128 3081 1165 3152 ia
1187 3095 1285 3172 poce.

336 3195 394 3261 tr.
421 3191 518 3262 Mitte
543 3191 590 3264 eis
617 3191 763 3266 Domine
789 3195 963 3268 auxilium
989 3191 1031 3267 dc
1058 3196 1195 3268 Sancto.

362 3321 398 3382 o.
424 3303 469 3375 m
495 3301 536 3374 cte
564 3305 655 3395 spon
682 3309 776 3378 tuere
802 3325 867 3379 eos.

364 3419 396 3484 n.
424 3413 569 3486 Domine
594 3415 725 3490 emundi
751 3423 811 3491 etc.

364 3543 397 3604 n.
424 3525 469 3597 m
495 3527 628 3600 clamor
654 3549 747 3602 mens
773 3535 833 3602 etc.

364 3644 397 3707 n.
426 3638 593 3712 Dominus
619 3643 802 3714 nobiscnm.

370 3765 400 3829 u.
428 3751 471 3823 m
496 3771 573 3828 cnm
598 3754 721 3844 spiritu
748 3759 816 3825 tuo.

837 3940 976 3994 OREMUS.

365 4085 456 4156 Deus
484 4084 713 4178 Omnipotens,
741 4089 909 4162 bonorum
935 4089 1088 4162 omnium
1119 4089 1278 4181 tarpitor,
1305 4087 1471 4181 supptices
1500 4093 1535 4160 to

291 4213 467 4287 ropomus,
494 4201 533 4267 ut
554 4215 620 4289 per
645 4201 918 4274 intercessionem
945 4205 980 4274 S.
1006 4201 1123 4275 Patris
1142 4201 1318 4281 Benedicti
1335 4200 1387 4274 tris
1414 4201 1537 4272 Sacris

293 4307 566 4383 Numismatibus
600 4311 721 4387 titteris
755 4333 797 4387 nc
824 4313 1081 4390 ctcorootcm'tus
1110 4333 1133 4388 a
1160 4319 1192 4387 te
1221 4313 1407 4404 tesipnatis
1433 4317 1537 4388 mam
