3254 4914
1306 285 1349 358 ut

206 407 254 474 ll.⁰
275 410 506 494 tnuutgenttam
524 416 695 484 Plenariam
714 433 833 498 semper
856 432 929 482 eum
949 416 1057 482 iisdem
1083 414 1310 484 montcontour
1335 414 1383 482 lu·

120 499 273 568 orandam
293 520 312 570 e
332 505 545 590 Ilissionariis,
565 509 603 578 iis
622 510 738 586 scilieet
758 510 876 590 diebus,
890 509 1003 594 quibus
1023 510 1071 576 rel
1091 509 1123 576 iu
1143 508 1309 588 Novitiatn,
1329 509 1378 576 rel

117 590 381 678 congregationis
395 603 535 686 ingressu
551 610 619 688 post
631 603 817 672 Novitietum
829 610 897 670 rota
912 605 943 670 in
959 601 1237 671 constitutionibus
1251 602 1385 684 Congre-

115 689 258 770 gationis
278 697 466 778 praescripta
487 701 653 766 emiserint.
1304 735 1306 744 ·
1357 699 1377 760 .’

205 785 273 852 10.ο
295 788 527 872 indulgentiam
548 795 720 862 Plenariam
742 809 814 859 cnm
829 793 1010 874 supradietis
1025 791 1252 858 conditionibus
1267 793 1386 860 lucren-

115 875 194 942 dam
209 879 250 943 ab
273 881 313 946 iis
334 886 481 951 omnihus
502 889 555 969 qui
577 889 910 969 temperantissimum
931 893 963 952 et
984 885 1037 952 SS.
1060 887 1283 952 Exercitiorum
1304 885 1382 960 Coo·

113 969 288 1042 lessionem
309 977 494 1060 inceperint,
513 999 549 1050 ea
570 979 622 1050 die
640 997 700 1064 qua
722 981 977 1050 Sacramentalenn
997 981 1187 1048 obtinuerint
1210 980 1382 1050 Absolutio·

113 1081 195 1134 nem
209 1084 247 1137 ao
268 1070 344 1136 inde
365 1072 398 1140 S.
420 1073 640 1144 communione
661 1075 762 1158 reiecti
783 1077 906 1142 inerint.

203 1161 273 1228 ii.⁰
295 1165 525 1249 indulgentiam
547 1177 751 1240 trecentorum
771 1170 891 1236 dierum
912 1187 967 1252 pro
989 1169 1025 1236 lis
1047 1169 1190 1238 omnihus
1210 1169 1264 1252 qui
1287 1169 1380 1234 inter·

113 1254 238 1322 inerint
249 1259 444 1330 solemnibus
465 1265 682 1346 iunctioribus,
696 1282 731 1332 ae
745 1265 943 1332 eaeremoniis
957 1281 1036 1346 quae
1050 1270 1185 1346 tempore
1205 1265 1386 1335 Ilissionum

114 1353 173 1410 aut
195 1353 424 1420 exercitiorum
451 1359 621 1438 specialiter
642 1365 775 1440 aguntur
801 1359 840 1426 ad
866 1359 1073 1440 adiuvandum
1093 1357 1325 1442 augendamque
1350 1359 1383 1426 in

111 1441 393 1514 christifidelibus
414 1450 508 1520 fidem
527 1468 562 1518 ac
582 1455 734 1534 pictatem.
1039 1467 1050 1502 ·'
1095 1473 1098 1480 ’
1177 1535 1180 1540 Ι

201 1539 274 1604 12⁰
296 1543 473 1612 Remanent
494 1547 527 1612 in
547 1563 603 1612 suo
624 1547 731 1614 robore
745 1547 877 1614 Litterae
897 1546 1088 1628 dpostoiieae
1109 1546 1140 1610 in
1163 1547 1258 1612 torma
1284 1546 1388 1612 Brevis

108 1647 157 1696 sa.
181 1648 248 1700 me.
265 1634 316 1702 Pii
331 1637 391 1702 ΡΡ.
406 1638 461 1704 Vll
481 1641 539 1704 sub
561 1640 665 1706 datum
686 1642 798 1710 Itomae
820 1641 858 1706 tt
879 1641 1058 1708 Novembris
1080 1638 1160 1704 tete
1180 1641 1280 1722 quoad
1295 1641 1388 1706 laeui-

111 1730 219 1794 ratem
240 1728 452 1797 liissionuriis
473 1735 611 1815 erigendi
633 1741 701 1816 post
721 1736 879 1800 Ilissiones
900 1735 947 1800 rei
968 1751 1074 1812 eorum
1101 1741 1236 1819 tempore
1262 1733 1385 1802 Contra·

107 1821 313 1902 tenuitatem,
329 1841 386 1888 seu
404 1825 669 1894 eontraternttates
683 1829 741 1894 sub
757 1829 844 1894 titulo
859 1829 1076 1894 assertationis
1090 1828 1301 1894 Providentiae
1315 1846 1388 1898 cunt

107 1915 299 1997 Privilegiis
321 1924 356 1982 et
378 1919 592 2000 induigentia,
615 1928 705 2005 prout
724 1939 763 1988 ex
784 1924 858 2004 ipsis
872 1924 994 1988 Litteris
1014 1922 1203 2004 Apostolieis.

196 2009 271 2076 1³9
293 2013 451 2080 Remanet
473 2015 629 2094 paritario
644 2033 699 2081 suo
714 2017 821 2082 robore
841 2018 968 2082 incultas
981 2033 1123 2082 concessa
1145 2017 1194 2082 die
1210 2018 1249 2084 tc
1262 2017 1389 2084 Novem·

107 2101 176 2166 bris
201 2103 293 2168 tete
315 2105 479 2186 Superiori
500 2110 677 2174 llissiouum
698 2126 751 2190 pro
772 2117 907 2190 tempore
928 2125 999 2174 eum
1021 2115 1180 2190 potestate,
1199 2111 1300 2190 quoad
1322 2127 1388 2174 ere·

104 2198 236 2262 ottones
259 2199 448 2268 stationum
468 2202 540 2268 Viae
558 2202 662 2267 Crucis
679 2204 710 2266 in
725 2204 857 2284 publicis
877 2203 1030 2280 Ecclesiis,
1045 2202 1084 2266 de
1098 2203 1219 2267 licentia
1235 2203 1388 2270 ordinarii

104 2295 138 2354 ei
158 2289 194 2356 in
223 2291 320 2372 locis,
344 2293 379 2358 in
403 2292 517 2374 qulbus
539 2295 681 2378 Religioei
702 2297 775 2364 trin.
798 2295 998 2362 observantes
1019 2295 1102 2360 hnud
1123 2296 1265 2360 existant.

886 2399 1109 2469 credontes
1131 2402 1188 2466 PP.
1209 2401 1285 2466 XVI.

687 2579 838 2654 XXXIII.

104 2754 290 2824 &meroem
312 2752 549 2836 d’lodulperrre
569 2752 620 2818 cle
640 2753 712 2838 gode
732 2753 875 2820 t’orrtirre
893 2752 1035 2838 &refice
1055 2760 1216 2834 oppreooto
1235 2753 1317 2820 dello
1337 2754 1390 2820 So·

189 2881 252 2932 ern
277 2860 735 2944 magnummontem
754 2861 829 2926 delle
848 2860 989 2944 deliciose
1013 2861 1218 2929 Frcneeroone
1241 2860 1289 2926 del
1320 2861 1391 2928 Vere

188 2973 387 3040 dloncctero
410 2967 444 3032 di
464 2967 494 3032 S.
515 2967 653 3032 Silvestre
673 2969 706 3032 in
728 2969 837 3049 Capite.

191 3133 241 3198 i.⁰
263 3134 391 3200 Nostro
416 3128 547 3207 Signone
568 3128 647 3210 Papa
668 3129 749 3194 Sisto
762 3130 788 3193 V
801 3126 948 3194 inerendo
969 3125 1027 3190 alla
1048 3127 1246 3192 concessione
1263 3128 1341 3196 tetta
1355 3131 1397 3200 de

103 3229 210 3294 Leone
222 3230 254 3294 X
266 3224 422 3292 concede
445 3221 691 3301 surreptione
706 3225 715 3287 i
730 3223 874 3302 Religiosi
892 3220 1081 3285 deli'0rdine
1102 3219 1151 3284 dei
1167 3223 1289 3302 Minori,
1302 3225 1345 3290 ed
1362 3228 1396 3292 in

101 3339 336 3404 conregnenza
353 3319 386 3384 le
402 3314 554 3380 Monache
575 3313 713 3396 ctarisse,
738 3334 790 3398 por
807 3315 1021 3380 communione
1035 3313 1082 3376 de’
1092 3315 1234 3397 privilegi
1265 3335 1401 3398 possano

102 3418 303 3498 oonseguire
328 3417 419 3480 tutte
440 3407 653 3487 l'lndulgenze
674 3425 815 3476 concesse
829 3407 997 3474 da’Sommi
1018 3406 1167 3474 Pontettoi
1183 3411 1246 3494 agli
1260 3411 1333 3480 altri
1349 3415 1403 3486 Or·

103 3511 171 3576 dini
195 3509 377 3592 Regulam,
401 3503 566 3570 edessem
593 3505 738 3586 partecipi
760 3505 790 3570 di
813 3509 890 3580 tutte
912 3499 1085 3578 l’orazioni,
1110 3502 1235 3584 vigilie,
1260 3505 1405 3594 digiuui,

102 3607 283 3684 astinenze,
309 3595 500 3680 discipline,
519 3596 668 3676 sacrificii,
691 3599 748 3664 che
769 3598 905 3663 situnne
926 3596 957 3660 in
980 3597 1059 3658 tutto
1080 3593 1104 3659 il
1125 3599 1245 3666 mondo
1266 3599 1319 3667 dai
1346 3607 1407 3676 Ro-

103 3696 209 3780 ligiosi
233 3697 418 3766 d’lstituto
440 3687 642 3756 Mendioaute.
665 3691 845 3759 Communis.

189 3791 241 3856 2⁰
265 3789 367 3856 Onde
391 3785 412 3850 ὁ
436 3781 495 3845 cire
516 3781 527 3844 i
547 3781 628 3848 Frati
649 3801 667 3850 e
689 3785 716 3850 te
736 3784 882 3852 Monaelre
900 3779 939 3846 od
960 3776 1027 3842 altri
1048 3777 1210 3862 Religiosi
1231 3789 1308 3870 ogni
1330 3795 1414 3864 volta

106 3884 167 3950 che
190 3886 405 3948 visitaranno
422 3875 452 3938 la
469 3876 590 3955 propria
605 3877 723 3957 Chiesa,
737 3880 775 3943 ed
789 3879 829 3941 ivi
843 3878 968 3940 taraone
983 3870 1144 3952 oracione,
1160 3893 1180 3942 o
1195 3882 1417 3966 pregheranno

103 3978 163 4046 Dio
186 3995 248 4060 por
271 3978 293 4044 ι’
303 3969 506 4040 esaltazione
526 3969 558 4032 di
578 3969 610 4036 S.
631 3971 749 4054 chiesa,
770 3988 823 4054 per
843 3962 1071 4048 t'estirpazione
1099 3964 1303 4058 deli’ercsie,
1323 3998 1343 4044 o
1365 4000 1419 4065 per

103 4071 135 4136 ι.
156 4087 240 4153 paco
254 4087 283 4138 ,ο
306 4059 490 4134 eoncordia
512 4065 713 4150 trn’Principi
734 4062 885 4140 Sustinui,
904 4055 1183 4140 guadagueranno
1207 4076 1287 4138 tutte
1307 4073 1338 4140 le
1359 4094 1423 4144 nra·

104 4165 192 4237 doni
215 4165 253 4234 di
277 4165 405 4238 Roma.
428 4155 462 4222 di
487 4155 714 4238 Geruealernnre
733 4178 751 4228 e
772 4160 803 4229 di
830 4157 862 4226 S.
883 4153 1024 4220 diacono
1045 4145 1080 4210 di
1108 4151 1261 4262 Galiaia3
1280 4183 1298 4234 e
1318 4176 1450 4252 questo
1543 4247 1557 4264 N
