3270 4920
1259 305 1327 374 lbi

122 437 358 513 distribuuntur3
369 453 425 501 neu
440 436 541 519 aliqua
552 449 584 502 re
594 451 632 500 ex
642 438 805 519 praedictis
816 437 971 520 deperdita
986 454 1040 519 pro
1052 453 1086 502 ea
1097 437 1257 517 subrogari
1268 438 1361 502 altera

122 532 181 597 ullo
195 531 285 598 modo
295 532 400 614 possit,
411 547 604 614 quacumque
613 534 816 614 concessione,
828 542 881 596 aut
891 533 1049 614 privilegio
1059 533 1090 597 in
1102 533 1287 598 contrarium
1298 549 1360 596 nnn

122 627 277 718 obstante;
293 643 347 692 nec
362 643 423 691 non
438 627 545 692 eadem
558 627 752 707 commodari,
766 635 819 694 aut
832 629 968 710 precario
982 628 1046 692 dari
1062 645 1122 691 non
1138 629 1231 708 possit
1244 645 1299 709 pro
1313 627 1360 692 ln·

120 721 342 804 dulgentiarurn
362 722 648 800 communicatione,
669 723 803 804 alioquin
826 725 966 788 amittant
987 723 1195 804 indulgentias
1212 723 1277 802 jam
1290 738 1360 788 con-

121 833 235 882 cessas:
259 823 323 884 turn
343 817 436 883 eliam
456 817 589 900 praelata
611 822 678 899 post
697 817 888 882 Pontidoiam
908 817 1154 883 BenedictIonem
1179 816 1268 882 rendi
1300 833 1362 881 non

122 912 247 992 possint,
259 913 353 998 ‚Juxta
374 913 603 994 dispositionem
624 911 740 978 Decreti
760 911 822 976 Soc.
846 911 952 994 Coogr.
973 903 1232 994 integerrimum
1251 919 1281 976 et
1310 909 1365 976 So-

123 1022 242 1070 crorum
263 1006 470 1088 lielipuiorum
490 1006 562 1071 editi
581 1006 629 1072 die
649 1007 669 1070 il
689 1005 774 1070 lunii
795 1003 884 1070 llil.

198 1102 326 1183 Insuper
347 1101 497 1167 Sanctitas
518 1101 579 1168 Sua
600 1102 762 1167 confirmat
782 1101 943 1166 Decretum
964 1101 1014 1165 tel.
1036 1117 1095 1165 rec.
1109 1100 1272 1164 'Benedicti
1298 1099 1365 1162 lilll

122 1194 177 1260 sub
197 1196 303 1260 datum
324 1196 375 1260 die
397 1195 435 1260 tt
454 1196 587 1277 Augusti
609 1194 709 1275 titt,
730 1213 791 1276 quo
811 1211 951 1276 expresse
971 1196 1105 1260 declarat
1124 1194 1228 1258 blissas
1256 1193 1294 1258 ad
1314 1193 1365 1256 lll-

123 1297 182 1354 tare
203 1288 258 1372 (in
281 1305 343 1370 quo
364 1290 465 1372 aliqua
486 1307 525 1355 ex
546 1290 687 1371 praelatis
707 1291 770 1354 siie
791 1288 948 1367 Gruciltni,
967 1290 1032 1353 sire
1052 1289 1245 1353 numismatis
1266 1288 1366 1366 imago

121 1398 240 1463 quoque
261 1382 352 1449 modo
374 1383 518 1450 collocata
538 1384 652 1464 tuerit)
674 1385 776 1464 lectas,
797 1384 860 1447 sire
880 1401 897 1466 a
918 1383 1079 1449 Sacerdote
1099 1383 1274 1462 hujusmodi
1296 1383 1367 1446 ima·

123 1477 223 1556 gioem
242 1493 349 1543 secum
370 1477 501 1544 habente
521 1477 696 1557 celebratas,
717 1479 802 1546 nullo
822 1495 955 1561 prorsus,
976 1479 1083 1569 rigore
1099 1479 1198 1543 dictae
1212 1469 1367 1558 imaginis,

122 1573 252 1650 gaudere
272 1573 443 1654 privilegio.

198 1667 360 1732 Praeterea
381 1672 471 1742 relat,
493 1663 726 1750 nequisquam,
748 1684 839 1748 quem
860 1667 989 1732 indrmis
1011 1668 1100 1732 morli
1123 1667 1268 1749 proximis
1299 1666 1369 1729 assi·

123 1768 198 1826 stete
218 1763 393 1843 contigerit,
414 1762 661 1828 Benedictionem
682 1780 753 1828 oum
785 1763 975 1842 indulgentia
1007 1761 1143 1827 Plenaria
1178 1764 1209 1826 in
1241 1761 1369 1826 articulo

123 1859 225 1922 mortis
248 1859 353 1939 rigore
373 1857 550 1936 hujusmodi
572 1859 715 1938 imaginis
736 1859 799 1922 illis
830 1857 977 1938 impertiri
1010 1858 1120 1921 audeat
1149 1859 1215 1921 sine
1246 1855 1368 1937 speciali

124 1953 261 2018 facultate
282 1953 314 2015 ln
337 1953 457 2032 scriptis
478 1953 612 2032 obtenta,
634 1954 779 2033 quoniam
800 1952 839 2016 ad
860 1951 1033 2031 huiusmodi
1055 1953 1196 2017 ellectum
1219 1953 1250 2016 in
1264 1966 1370 2032 supra-

122 2049 282 2112 enunciala
304 2045 527 2111 Constitutione
548 2048 693 2128 insipien.
714 2047 770 2110 Pio
791 2047 889 2112 Iloler
909 2049 982 2110 satis
1003 2049 1158 2128 provisum
1176 2063 1240 2127 Jam
1260 2048 1326 2110 luit.

200 2141 338 2206 'landem
359 2142 425 2205 rult
437 2157 471 2205 ac
494 2143 640 2223 praecipit
660 2142 811 2207 Sanctitas
831 2141 892 2206 Sua
906 2140 990 2204 bunc
1004 2141 1269 2221 indulgentiarum
1290 2141 1371 2204 elen-

126 2235 216 2302 chum
237 2252 322 2300 nunc
342 2238 475 2300 revisum
495 2241 526 2301 et
546 2237 742 2301 emendatum
763 2253 816 2317 pro
838 2236 945 2315 majori
972 2235 1109 2300 ildelium
1135 2236 1295 2300 commodo
1316 2237 1372 2300 im·

125 2331 212 2412 primi
234 2345 323 2412 posse
345 2347 405 2396 non
427 2330 526 2396 solum
547 2331 640 2395 latina
662 2332 708 2395 vel
730 2331 800 2394 itala
816 2331 921 2411 lingua
941 2329 994 2394 sed
1015 2345 1210 2410 quocumque
1223 2329 1283 2394 alio
1296 2328 1371 2393 idio·

124 2431 202 2490 male
222 2425 389 2490 dummodo
411 2431 512 2490 lamen
530 2443 583 2508 pro
597 2441 790 2507 quacumque
805 2425 941 2489 versione
956 2424 1035 2488 adsit
1049 2424 1225 2504 approbatio
1239 2423 1270 2488 S.
1285 2422 1372 2487 SedIs

125 2526 176 2584 aut
197 2519 266 2586 Sac.
289 2519 540 2602 congregationis
559 2519 833 2600 indulgentiarum,
848 2525 939 2603 atque
953 2519 1128 2599 hujusmodi
1145 2519 1374 2600 impressionem

125 2621 208 2680 extra
230 2615 345 2680 Urbem
366 2615 451 2680 nullo
466 2615 609 2680 idiomate
622 2615 687 2680 fieri
703 2631 791 2695 posse
804 2614 919 2695 absquo
931 2613 1038 2702 eadem
1053 2615 1279 2695 approbatione.
1294 2613 1373 2688 Quo·

126 2727 258 2793 cumque
271 2710 410 2790 Decrcto,
423 2709 656 2790 Constitutione,
671 2715 723 2774 aut
736 2709 933 2776 ordinatione
946 2711 1038 2774 etiam
1055 2709 1194 2792 specialis
1208 2708 1375 2775 mensionis

129 2806 219 2888 digna
242 2806 275 2870 ln
297 2805 483 2870 contrarium
505 2822 567 2870 non
589 2805 790 2870 obstantibus.

203 2905 326 2978 italum
349 2903 475 2978 nonae
491 2921 536 2977 ex
553 2903 736 2990 secretaria
761 2903 836 2976 Sao.
854 2901 1127 2997 congregationis
1151 2899 1379 2996 indulgentio-

123 3033 209 3101 rum,
235 3022 270 3091 et
295 3013 472 3091 Sacrorum
497 3015 725 3109 lteliquiarom
750 3013 805 3090 die
832 3020 873 3088 lt
903 3015 980 3090 itali
1006 3019 1113 3089 lubi.
1170 3029 1174 3036 ·

838 3195 875 3300 F.
901 3195 1004 3270 Cano.
1026 3194 1347 3277 Asonrnrnsinann.

904 3307 947 3382 Α.
975 3306 1136 3384 Golorubo
1163 3307 1286 3380 Secret.

682 3529 826 3606 XLVIII.

132 3721 295 3787 moterlo
314 3719 388 3785 delle
407 3677 593 3804 indulgence
618 3721 774 3787 succeduto
794 3721 874 3786 dollo
893 3719 943 3804 [el.
964 3737 1019 3784 mc.
1042 3718 1073 3782 di
1094 3717 1241 3782 clemente
1266 3715 1309 3780 lli
1327 3715 1379 3778 olli

212 3829 338 3896 Frotalli
351 3847 367 3894 e
381 3829 490 3894 Scrclle
503 3829 580 3894 dello
600 3831 750 3916 Religioce
764 3830 842 3896 dello
856 3829 1007 3898 Modouno
1021 3827 1196 3892 Sootlssimo
1210 3825 1287 3891 dello
1300 3825 1379 3892 Mer-

102 4003 106 4010 .
198 3940 291 4046 ἀαι,
310 3956 328 4004 o
348 3937 394 4002 rio
415 3937 462 4002 dei
481 3937 622 4005 Iliscolto.
1239 3951 1244 3960 ·

216 4130 261 4194 l.⁰
281 4129 529 4196 Primieramcnte
544 4130 675 4196 concede
696 4148 713 4194 a
735 4130 805 4194 tutti
820 4127 841 4193 li
857 4127 945 4193 ledeli
969 4126 1110 4194 cristiani
1128 4125 1268 4191 dell’uno
1293 4123 1384 4190 edel·

135 4226 241 4294 l’altro
260 4243 353 4309 sesso,
373 4225 431 4292 clas
453 4234 623 4294 veramente
641 4227 758 4311 pontiti,
781 4225 939 4292 contessati
960 4239 978 4292 c
997 4222 1181 4290 comunicati
1201 4227 1385 4314 sntroranno
