3130 4920
786 397 1003 465 -310-

589 603 743 676 Antiiona
768 603 830 676 alla
854 601 1052 682 santissimo
1076 599 1199 673 Trinili

357 759 401 832 Te
426 759 536 831 Deam
559 759 701 836 Patrem
730 759 941 850 inpositam,
972 757 1015 830 Te
1045 755 1171 828 liliam
1204 749 1431 844 llnipenilan,
1458 749 1493 820 Te

280 871 448 964 Spiritum
474 873 637 946 Sanctam
662 871 901 944 Paroalitam:
929 870 1093 944 Sanctam
1127 871 1160 942 et
1189 863 1405 938 lndioidnam
1433 862 1494 938 lli·

279 985 424 1060 nitalem
449 990 519 1058 toto
545 983 648 1058 eorde
673 989 705 1058 et
731 1003 789 1056 ora
815 983 1024 1077 eonfitemur,
1052 978 1237 1056 laudamus
1255 983 1359 1071 atque
1376 973 1495 1052 lenedi-

282 1097 399 1178 oimas,
431 1098 504 1170 tior·
531 1098 652 1172 Gloria
677 1097 714 1170 in
739 1097 888 1170 saecula.

355 1216 387 1281 t.
413 1209 661 1282 Benedioamas
685 1211 826 1282 Patrem
852 1213 884 1282 et
908 1207 1034 1282 Filiam
1059 1223 1136 1280 cnm
1162 1207 1288 1280 Sancto
1315 1202 1450 1298 Spiritu.

354 1343 388 1404 n.
415 1322 610 1398 Londemas
636 1327 668 1398 et
692 1323 982 1417 superexaltemus
1007 1337 1084 1394 enm
1109 1320 1145 1394 in
1169 1318 1319 1394 saeonla.

805 1539 994 1592 OREMUS

359 1661 577 1754 Omnipotens
608 1661 809 1752 sempiterne
841 1661 951 1743 Dens,
983 1658 1042 1750 qni
1073 1656 1196 1732 dedisti
1220 1655 1364 1750 [amalis
1388 1652 1450 1728 inis
1470 1649 1499 1724 in

286 1772 497 1866 consessione
522 1793 624 1846 aerae
649 1771 729 1867 fidei
755 1773 915 1846 aeternae
944 1771 1119 1844 Trinitatis
1142 1770 1293 1862 ploriam
1319 1781 1499 1862 opnosoere,
1535 1805 1538 1814 ,

283 1890 316 1960 et
345 1887 560 1978 inpotentia
592 1885 782 1976 Maiestatis
813 1883 964 1958 adorare
1000 1884 1188 1958 linitatem:
1222 1900 1443 1974 paoesnmas,
1471 1879 1501 1948 at

283 1997 432 2088 ejosdem
461 1999 542 2093 fidoi
566 1999 730 2093 firmitate
756 1999 800 2072 ab
828 1998 983 2072 omnibns
1008 2015 1139 2092 semper
1167 1997 1376 2072 maniamnr
1399 1991 1502 2069 adoer-

281 2111 336 2186 sis.
362 2112 430 2185 Per
456 2112 642 2186 Dominam
667 2115 821 2186 nostram
847 2115 907 2184 eto.

626 2307 781 2382 Antiiona
807 2325 826 2378 a
850 2311 935 2380 tutto
962 2305 984 2378 il
1009 2304 1165 2380 Paradiso

355 2433 489 2527 nepote,
515 2433 735 2528 Arctanpeli
766 2433 893 2508 tironi
914 2439 947 2508 ot
963 2434 1231 2520 Dominationes,
1248 2427 1501 2526 ennotpatosa

280 2547 480 2630 Palestates,
512 2549 655 2622 Virtutes
682 2547 861 2620 Coelornm
889 2545 1070 2620 Clmabim
1096 2551 1199 2638 alane
1225 2545 1421 2640 Seraphim,
1444 2542 1499 2614 Pa·

282 2658 457 2732 trioroiae
479 2663 510 2731 et
526 2659 733 2752 Prophetae,
762 2661 881 2736 Sanoti
905 2659 1005 2752 Lapis
1022 2661 1196 2744 Doctores,
1214 2660 1388 2752 Apostoli,
1405 2669 1503 2732 omna

284 2768 408 2842 Ctristi
434 2772 623 2862 Martyres,
652 2772 769 2844 Sancti
797 2771 1025 2865 Consossoros,
1058 2772 1208 2863 Virpines
1237 2771 1399 2856 Domini,
1423 2767 1500 2840 Ana·

282 2879 447 2963 oloritoe,
476 2883 659 2974 sanatione
685 2902 799 2958 omnes
826 2882 1023 2958 intercedite
1044 2903 1112 2977 pro
1138 2884 1245 2958 nobis.

356 2998 389 3064 t.
418 2994 539 3066 Omnes
567 2995 685 3072 Sanoti
710 3001 743 3070 ot
769 2998 916 3074 Sanctae
941 2995 1016 3068 Dei.

355 3125 388 3185 a.
415 3105 615 3182 intercedite
636 3127 704 3200 pro
730 3109 838 3185 nobis.

804 3324 993 3376 OREMUS

356 3429 576 3520 Omnipotens
602 3431 805 3524 sempiterna
829 3433 931 3512 aaa,
959 3430 1018 3520 qai
1043 3429 1195 3501 anniam
1221 3430 1429 3502 sanctorem
1449 3439 1503 3496 me

279 3539 350 3611 rita
375 3541 473 3612 notis
493 3541 656 3632 prodesse
681 3544 834 3624 oolnisti,
863 3529 1076 3634 praesumas,
1103 3545 1141 3613 nt
1167 3539 1402 3614 desideratam
1421 3535 1501 3610 notis

281 3655 361 3724 tnae
389 3655 649 3746 propitiationis
682 3655 936 3728 abundantiam
972 3653 1210 3746 multiplicatis
1242 3649 1500 3730 intercessoritas

280 3763 457 3856 tarpiaris.
483 3767 552 3838 Par
576 3768 763 3840 Dominam
789 3771 850 3842 eto.

353 3905 590 3980 sanctissimus
614 3907 779 3980 Dominus
804 3909 924 3982 Noster
949 3907 1028 3984 Pius
1053 3908 1115 3984 PP.
1132 3907 1193 3982 vlt
1209 3907 1273 4000 piis
1290 3907 1445 4000 praeibas
1459 3899 1498 3972 di·-

277 4013 354 4090 leoti
378 4017 449 4090 Filii
473 4018 527 4092 Fr.
554 4019 709 4092 stanislai
735 4040 753 4092 a
779 4021 813 4092 S.
841 4021 1017 4096 Franoisao
1044 4020 1086 4094 do
1112 4021 1213 4094 Paula
1230 4020 1367 4096 Ordinis
1384 4019 1499 4094 ciros

277 4125 410 4200 litatum
436 4129 711 4206 Excalceatorum
744 4133 889 4224 benigne
922 4133 1115 4218 inclinatus,
1150 4135 1307 4208 omnihus
1340 4133 1500 4220 utriasom

278 4255 382 4312 sexus
400 4239 680 4318 christifidelibus
698 4243 756 4335 qui
774 4243 875 4318 eorde
891 4245 1010 4318 saltam
1027 4245 1167 4320 oontrilo
1186 4245 1371 4320 antedictas
1386 4255 1499 4337 proma

278 4347 320 4421 ad
334 4351 474 4440 gloriam
488 4353 727 4430 Sanctissimae
741 4355 918 4444 Trinitatis,
933 4357 1141 4432 ethonomus
1154 4357 1355 4434 Sanctomm
1367 4350 1502 4430 omnium
