3130 4920
559 409 604 424 -
635 377 706 446 osa
733 407 778 425 -

85 515 165 587 doliu
184 514 316 588 &aluid
352 513 469 587 lustro
494 514 531 586 lu
558 513 733 605 conduma
759 512 799 585 iu
816 516 982 606 noscitu
1016 512 1102 588 delle
1134 512 1287 590 suddotte

84 624 268 719 mucore.
299 623 368 702 cta
393 629 453 698 otc.
737 639 741 648 ·
772 641 775 646 ·
1256 649 1258 654 ’

421 871 457 904 ·“
494 885 614 939 unors
648 884 697 938 nr
717 885 849 942 ,oncis
991 879 996 885 ’

134 1076 363 1150 sanctissimos
378 1065 544 1150 mnium
559 1077 679 1150 Noster
699 1077 843 1150 necor.
857 1076 918 1149 itii
939 1075 1097 1152 omuibus
1113 1076 1289 1170 utriusque

79 1187 459 1264 accommodamus
485 1189 557 1280 nias
571 1205 701 1280 ¹crocos
725 1189 760 1262 in
786 1188 899 1261 libello
922 1188 968 1261 de
991 1185 1059 1280 quo
1081 1189 1115 1262 in
1132 1190 1290 1282 precibus

79 1307 224 1378 unorum
249 1300 352 1374 corde
368 1301 495 1374 saltem
522 1300 675 1383 contrito,
701 1303 741 1372 ac
766 1299 887 1372 deuote
920 1299 1136 1374 recitantibus
1168 1307 1202 1388 et
1230 1319 1291 1398 per

78 1405 188 1502 aionod
217 1413 380 1505 temporis
412 1411 556 1504 mutium
587 1399 683 1505 justa
716 1418 865 1485 mentem
895 1410 1083 1484 sanctitatis
1115 1413 1204 1486 Suae
1233 1413 1290 1506 pie

78 1523 223 1598 mnibus
246 1529 387 1598 centnm
405 1523 536 1596 dierum
553 1521 796 1613 indulgentiam
814 1522 918 1596 semei
932 1527 1065 1596 tantum
1089 1522 1124 1596 in
1147 1523 1289 1616 singuiis

78 1631 174 1707 diebos
196 1635 370 1728 acquiren.
396 1633 541 1726 benigue
558 1633 734 1706 concessit.
755 1634 998 1727 insuperinsis
1014 1633 1291 1710 christifidelibus

77 1745 283 1834 uacbudatas
309 1765 428 1838 preces
458 1765 520 1840 per·
544 1746 713 1837 integrum
736 1763 888 1820 umnsem
905 1752 1060 1840 utsupra
1077 1747 1291 1822 recitantibus

78 1854 237 1930 Plenamm
263 1860 366 1932 mam
391 1857 634 1950 indulgentiam
652 1857 684 1928 in
702 1877 769 1930 una
787 1857 939 1950 ejusdem
957 1858 1083 1932 mensis
1101 1857 1155 1934 die
1172 1857 1288 1934 unius·

76 1968 218 2062 tuosque
241 1969 381 2044 urbicio
403 1968 568 2062 cigoniis,
595 1969 918 2044 dnmmodotamen
945 1969 984 2044 ea
1006 1969 1156 2044 die'vere
1174 1971 1288 2063 poeni·

76 2085 173 2166 ento,
197 2081 345 2156 coniussi
366 2099 528 2173 sacraque
544 2081 787 2155 Cmnmunione
814 2081 1074 2164 reiecti-inerint,
1093 2088 1126 2154 et
1143 2081 1297 2174 aliquam·
1424 2075 1432 2082 ’

75 2191 231 2268 meusim
249 2207 322 2269 vseu
346 2193 534 2286 ptdllicunr'·
552 2183 743 2266 Oratorium
775 2193 895 2266 deuote
928 2191 1149 2275 visitaverint,
1175 2193 1290 2284 ibique

74 2307 102 2372 nl
120 2321 214 2396 supra
237 2305 419 2386 oraverint,
445 2303 627 2376 clementor
652 2309 704 2376 ost
720 2303 888 2395 elargitus.
909 2301 1149 2374 innocentibus
1166 2302 1200 2373 in
1214 2321 1289 2394 per·

73 2420 193 2504 &bort
216 2415 523 2506 moeroresque
549 2414 753 2490 ullailreris
779 2413 1005 2506 expetitione,
1030 2421 1066 2486 et
1091 2432 1168 2486 cum
1193 2409 1292 2486 incui-

73 2529 125 2598 tale
149 2526 287 2602 easdem
318 2526 547 2619 indulgentias
577 2526 612 2598 in
644 2526 840 2618 suffragium
873 2523 1024 2598 tidolium
1056 2523 1290 2598 detunctorum

72 2638 251 2730 nouimudi
278 2639 400 2712 batum
426 2639 553 2711 ileum
577 2656 622 2711 er
647 2637 830 2710 secretana
855 2636 928 2709 Sao.
946 2635 1219 2730 congregationis
1236 2635 1288 2710 iu·

72 2745 299 2844 dulgentiarnm
324 2749 380 2826 die
408 2755 447 2822 it
479 2748 621 2842 Augusti
651 2753 755 2820 tuci.

341 2905 345 2912 -
651 2862 687 2932 B.
714 2861 820 2934 cuno.
844 2860 940 2933 Nino
966 2860 1174 2934 Pau-anr.

450 3027 455 3036 .
522 2975 562 3044 Α.
589 2969 870 3064 Amlclepisccpus
899 2971 1138 3063 i'ropcauntiu.
1156 2971 1288 3046 'secret

573 3183 779 3256 Cilitiiiilli.

502 3355 700 3464 unursnr
729 3355 850 3408 euers

131 3537 214 3614 Cum
240 3539 323 3612 alias
349 3555 421 3610 san.
448 3551 551 3608 rilem.
578 3534 656 3606 Pius
682 3534 743 3607 ΡΡ.
770 3532 827 3604 Vii
846 3531 939 3605 virae
957 3529 1048 3603 rucis
1064 3525 1199 3602 oraculo
1214 3541 1292 3598 cou-

70 3650 192 3724 cosserit
215 3649 462 3741 indulgentiam
488 3653 624 3720 centurn
650 3644 781 3718 dierum
807 3643 847 3715 iis
871 3641 1029 3717 omnbus
1045 3639 1224 3728 utriusque
1236 3653 1291 3710 se·

72 3776 126 3832 rus·
148 3761 439 3845 christifidelibus,
466 3759 526 3852 qni
550 3755 650 3830 corde
672 3755 788 3829 saitem
806 3755 957 3837 contrito,
973 3771 1015 3826 nc
1031 3751 1152 3824 deluto
1167 3744 1293 3820 Oratio

71 3875 360 3952 oeuinbcnorem
381 3875 416 3946 Β.
431 3874 474 3946 ii.
489 3869 647 3962 Virginis,
662 3866 877 3960 quaeincipit
902 3895 913 3927 ι
934 3865 1072 3956 Verulae
1088 3859 1293 3933 melodum

72 3983 178 4059 lindrc
203 3987 261 4060 dal
292 3985 397 4060 leole
422 3985 608 4057 incarnato
633 4010 645 4043 ι
669 3997 748 4057 curn
773 3979 880 4050 tribus
905 3977 975 4049 Ace
1001 3973 1129 4056 Morio,
1156 3976 1190 4043 et
1214 3971 1294 4044 Ora·

73 4091 147 4170 lbue
170 4125 183 4160 ι
207 4097 360 4192 Defende
385 4102 478 4171 etc.»
502 4091 723 4175 recitaverint,
741 4089 978 4163 sanctissimus
995 4083 1157 4158 uominus
1173 4082 1293 4156 Noster

72 4202 129 4278 [oo
149 4209 211 4284 tu.
238 4211 300 4284 iiii
324 4207 550 4304 supradictam
577 4203 820 4296 indulgentiam
850 4199 968 4274 eodem
995 4195 1097 4269 modo
1124 4201 1160 4271 et
1186 4191 1291 4271 torma

73 4313 202 4414 benigne
226 4321 455 4410 montmarin
483 4318 654 4410 coluitque
679 4315 849 4410 perpetuis
867 4311 984 4387 tuturis
1002 4308 1208 4402 temporibus
1225 4305 1292 4378 sui·

180 4440 227 4506 23
