3130 4920
776 345 993 412 -ulo-

255 499 376 574 'penzo
401 480 566 554 Pleourio
592 501 610 552 e
635 480 795 554 Peraiale
821 485 917 554 tanto
946 477 1038 553 nella
1064 478 1207 552 Nereae
1235 475 1434 571 precedente
1459 481 1491 552 la
1543 466 1544 510 ¹

265 595 353 689 [esta
385 593 440 668 del
467 594 706 667 sacratissime
739 594 848 667 Caere
881 592 918 666 di
952 593 1057 675 Gesai,
1087 595 1217 683 guanto
1250 592 1287 665 ia
1316 591 1412 666 altro
1437 591 1493 666 cite

266 727 300 781 se
325 725 367 779 ne
391 705 505 800 [occia
529 707 587 800 tro
613 705 746 781 l’onno.

339 819 578 892 sanctissimus
604 818 643 890 Ι).
668 818 707 891 N.
734 818 813 891 Pius
839 819 901 892 PP.
927 817 985 889 Vll
1003 817 1298 910 supraenunciatas
1322 817 1494 909 indulgen
1547 903 1548 918 ἶ

264 932 327 1005 tias
353 937 421 1004 tam
446 931 480 1004 in
505 930 699 1005 Nouendieli
725 930 845 1004 testum
872 929 1079 1002 sanctissimi
1096 927 1213 1003 Coralis
1237 931 1335 1003 lesus
1361 949 1494 1024 praeee-

265 1043 368 1128 denti,
387 1061 489 1135 quam
503 1044 536 1115 in
557 1044 621 1116 elio
641 1043 725 1116 intra
738 1062 864 1116 aninum
877 1044 1141 1135 uniuscujusque
1159 1044 1293 1116 arbitrio
1307 1043 1496 1136 peragendo
1549 1123 1550 1130 Ν

265 1157 437 1252 perpetuis
467 1156 587 1229 tuturis
616 1157 823 1249 temporibus
854 1157 1010 1230 valituras
1042 1174 1103 1249 pro
1136 1157 1293 1230 omnibus
1324 1156 1498 1248 utriusque
1550 1232 1551 1246 Ν

265 1287 370 1343 sexus
395 1267 673 1344 christifidelibus
699 1269 844 1360 benigne
869 1268 1076 1341 confirmauit
1101 1275 1135 1341 ct
1158 1274 1325 1360 quatenus
1341 1286 1430 1360 opus
1447 1269 1496 1350 sit
1551 1341 1552 1348 Ν

265 1381 308 1456 do
332 1399 421 1455 novo
447 1381 613 1454 concessit
639 1381 767 1472 absque
792 1381 858 1454 ulla
874 1382 988 1453 Brevis
1006 1379 1233 1473 expeditione,
1251 1399 1329 1454 cum
1346 1380 1497 1453 lacnltale
1552 1452 1553 1470 Ν

265 1495 364 1568 etiam
390 1492 599 1587 supradictas
625 1493 849 1585 indulgentias
875 1493 910 1565 in
935 1492 1130 1584 suffragium
1154 1492 1304 1566 fidelium
1329 1491 1499 1566 defuncto
1553 1560 1554 1582 Ν

265 1625 341 1682 rum
367 1605 564 1700 applicandi,
591 1612 723 1679 servato
749 1606 784 1678 in
808 1605 946 1696 reliquis
971 1603 1087 1679 tenore
1112 1606 1240 1698 primae
1260 1605 1497 1679 concessionis,
1554 1669 1555 1676 l

338 1720 458 1791 Datum
484 1718 609 1790 Romae
627 1735 670 1790 en
688 1718 872 1790 secretaria
890 1717 962 1790 Sec.
986 1716 1258 1810 congregationis
1279 1716 1500 1810 indulgentia
1555 1780 1556 1796 .

265 1849 341 1904 rum
366 1829 421 1904 die
449 1833 492 1900 18
518 1830 663 1902 ianuarii
693 1833 798 1902 1818.

1004 1943 1032 2014 J.
1059 1943 1150 2015 Pura.
1177 1942 1280 2016 Ceno.
1305 1942 1429 2015 Scor-rr

955 2056 1105 2148 Angelus
1133 2055 1309 2148 Costogati
1336 2057 1463 2129 secret.

827 2252 936 2326 (111111.

740 2397 1022 2452 'anconitana

340 2503 425 2576 Cum
451 2501 493 2576 ad
518 2504 591 2576 Sao.
614 2503 898 2596 indulgentiarum
916 2503 1215 2597 congregationem
1241 2503 1387 2578 delatum
1405 2503 1503 2577 luerit

267 2617 455 2707 quaesitum
485 2644 497 2678 «
522 2618 576 2689 Aa
602 2618 753 2691 Ecclesia
779 2619 862 2690 olim
888 2619 974 2690 EEr.
1001 2618 1175 2690 Minorem
1205 2616 1359 2710 caemar
1383 2616 1502 2690 lodari·

266 2731 388 2822 gentie's
415 2729 537 2803 ordini
558 2730 720 2824 praefate
747 2732 920 2812 concessis,
947 2749 1024 2802 cara
1041 2731 1132 2805 ideae
1152 2730 1244 2804 Ordo
1262 2749 1332 2803 reon
1349 2731 1500 2826 amplias

268 2842 454 2914 extiterit»
483 2843 524 2914 Et
549 2842 627 2914 binc
652 2843 820 2936 proposita
846 2842 967 2916 dubia:
987 2841 1036 2915 l.⁰
1061 2871 1073 2903 ι
1103 2843 1222 2916 Utrum
1247 2844 1401 2916 Ecclesia
1421 2841 1503 2917 ord.

267 2953 467 3028 11111111
494 2953 655 3028 devalata
682 2953 871 3027 Ordinatio
894 2959 1038 3048 prepter
1054 2955 1342 3038 circumstantias,
1371 2955 1408 3027 in
1436 2973 1503 3046 guo

269 3066 381 3138 Sacra
406 3064 540 3158 sociant
566 3066 766 3139 Sacerdotes
792 3068 1005 3149 Saeculares,
1022 3066 1163 3160 fruetur
1179 3065 1300 3140 iisdem
1317 3065 1503 3160 indulgea-

268 3177 336 3258 tiis,
362 3181 400 3248 ut
412 3177 585 3269 primum,
607 3179 794 3271 praecipue
819 3179 883 3252 illa
909 3177 951 3252 de
975 3179 1252 3252 portiunculae»
1278 3178 1354 3253 2⁰«
1384 3179 1503 3251 Utrum

267 3288 421 3361 Ecclesia
448 3287 530 3361 Ord.
549 3289 673 3361 Minor.
701 3291 816 3381 atinate
833 3289 984 3373 vendito,
1012 3289 1071 3364 sed
1097 3290 1276 3365 Sacerdoti
1303 3287 1386 3363 Ord.
1419 3291 1502 3364 ltin.

267 3400 339 3474 sinc
372 3399 493 3472 belitae
528 3401 713 3493 Religionis
743 3402 895 3484 tradita,
929 3403 1081 3494 pandect
1111 3404 1246 3496 pariter
1277 3401 1504 3494 lodetprrtttc

268 3509 499 3604 supradictis?
523 3539 536 3576 ›
563 3511 613 3584 &⁰
643 3539 655 3574 ι
685 3514 804 3586 Utrum
829 3516 981 3589 Ecclesia
1000 3513 1082 3588 ord.
1101 3516 1185 3588 Min.
1200 3517 1337 3608 pariter
1350 3513 1501 3594 vendito,

269 3625 314 3696 ob
341 3625 537 3714 acquirente
563 3629 731 3707 curatur,
762 3631 800 3698 ut
831 3627 942 3699 Socra
974 3628 1116 3720 inipso
1149 3625 1340 3717 aliquando
1369 3627 1503 3720 fianta

269 3735 469 3827 Presbytero
497 3737 688 3819 soeculari,
716 3739 894 3828 quaeritur
919 3757 967 3811 on
983 3737 1191 3830 supradictis
1207 3739 1372 3832 fruantur
1385 3736 1503 3810 lodul-

269 3849 442 3939 gentiis?»
470 3847 596 3921 Eadem
627 3849 700 3922 Sae.
732 3848 950 3942 Congregatio
976 3851 1214 3943 particulariter
1240 3852 1352 3926 habita
1378 3849 1432 3924 die
1447 3853 1503 3934 lb

268 3961 396 4032 mensis
420 3961 566 4033 tannarii
583 3961 662 4033 anni
683 3965 787 4045 1818,
814 3962 934 4036 auditis
953 3962 1187 4036 consultorum
1207 3965 1302 4047 votis,
1321 3983 1358 4036 re
1376 3969 1505 4036 mature

269 4088 436 4164 perpensa
452 4073 512 4146 luit
530 4071 563 4144 in
582 4079 657 4146 uoto
687 4073 872 4165 ‹Negalivc
898 4073 941 4146 ad
957 4073 1120 4158 Primum,
1143 4074 1256 4166 quood
1279 4073 1504 4166 indulgentias

267 4199 446 4256 concessas
472 4185 669 4276 generaliter
687 4185 738 4258 vel
764 4185 950 4277 specialiter
975 4185 1133 4259 omnibns
1150 4185 1427 4262 Cbristitidelibns
1454 4184 1504 4256 ri·

267 4295 444 4371 silentibus
477 4296 641 4370 Ecclesias
674 4295 752 4370 Ord.
784 4297 861 4372 blin.
896 4303 928 4369 et
960 4295 1036 4370 ideo
1065 4299 1165 4372 etiam
1198 4298 1311 4392 quoad
1341 4299 1425 4376 illam
1458 4295 1504 4370 de
