3130 4920
550 397 771 465 -269'-

560 615 751 692 dcclviii.

594 806 715 860 unlus

128 979 202 1054 lirun
225 980 313 1054 siout
327 980 372 1054 ab
385 979 659 1056 Eminentissimo
676 989 711 1058 et
725 981 1017 1059 Reuerendissimo
1033 981 1175 1057 Domino
1194 983 1272 1058 Car·

76 1089 149 1164 duali
170 1092 285 1166 carolo
309 1093 456 1168 turono
473 1093 629 1170 dmadeo
652 1093 697 1170 de
712 1097 852 1172 lenosis
877 1097 1062 1171 humillime
1082 1095 1273 1190 expooobar

76 1209 120 1286 tur,
139 1223 238 1298 propo
261 1213 376 1299 portas
400 1207 570 1282 lieolesiae
593 1209 646 1284 sui
670 1208 753 1284 tituli
780 1211 815 1283 S.
842 1209 1002 1284 Praxedis
1027 1209 1070 1283 de
1094 1209 1184 1282 Urbe
1203 1206 1273 1282 duo

74 1317 249 1407 reperiantur
273 1318 405 1411 lapidea
428 1321 661 1405 llooumentu
686 1322 721 1394 in
746 1323 870 1414 quibus
895 1323 1069 1406 asseritur,
1095 1318 1273 1396 duodecim

72 1427 138 1502 nilo
156 1449 320 1506 annorum
344 1431 551 1525 totidemque
577 1433 866 1526 umoragenarum
891 1434 1135 1526 indulgentiam
1154 1451 1194 1506 ae
1208 1438 1273 1506 ter·
1385 1479 1389 1486 -

72 1539 117 1612 iae
137 1543 232 1634 partis
257 1551 473 1638 peecatorum
497 1545 731 1619 remissionem
761 1546 953 1619 lucrandam
979 1543 1144 1638 quotidie,
1168 1544 1274 1618 luisse

71 1669 253 1744 mausum
279 1674 429 1749 eumque
453 1654 496 1730 de
521 1657 679 1732 mnoniea
703 1657 805 1750 buius
822 1659 946 1750 gratim
971 1657 1187 1732 mnmsslone
1201 1655 1275 1730 nul

70 1761 120 1836 bn
140 1767 367 1842 antbentionm
392 1766 632 1870 documentum
657 1768 807 1861 prolerri,
832 1770 900 1842 imo
925 1787 969 1844 err
984 1769 1275 1844 relormaliouibus

69 1875 132 1948 eirea
152 1879 437 1972 indulgentiarum
462 1881 698 1955 oonuossiones
714 1881 840 1974 pluries
856 1901 877 1955 a
893 1881 1043 1956 Summis
1059 1879 1275 1956 Pontiduibns

69 1986 147 2072 δῦθι
170 1989 212 2066 do
235 1993 370 2066 ilatum
386 1993 499 2067 valore
515 1992 699 2086 prudenter
722 1992 865 2068 dubitari
883 1995 1007 2086 possit;
1031 2013 1078 2068 eu
1092 2013 1161 2087 qno
1181 2012 1276 2087 prae

69 2095 152 2172 utus
174 2103 471 2178 Eminenb'ssimos
496 2123 558 2198 pro
582 2123 670 2178 nora
693 2104 902 2197 indulgentia
931 2106 1081 2180 Plenarla
1115 2112 1278 2199 perpetua

69 2214 183 2304 supplex
209 2216 338 2290 orabat.
364 2216 603 2290 sanctissimus
628 2217 791 2290 Dominus
814 2217 935 2290 Noster
959 2217 1039 2290 Pius
1065 2218 1127 2290 PP.
1153 2217 1197 2290 Vl
1214 2217 1276 2289 bas

66 2339 160 2411 preors
181 2343 237 2401 me
263 2327 476 2420 inbasoripto
501 2329 535 2400 S.
561 2329 835 2420 congregationis
860 2327 1145 2420 indulgentiarum
1157 2328 1274 2401 Seure·

67 2435 129 2508 urio
150 2438 183 2512 in
206 2437 388 2514 Audienda
412 2439 468 2514 die
493 2443 539 2512 23
565 2439 774 2532 Septembris
804 2439 884 2514 anni
908 2439 1050 2514 lubilaei
1077 2443 1170 2510 1775
1193 2438 1277 2515 reie-

67 2553 140 2621 rente
160 2549 203 2624 ad
227 2569 353 2624 nouam
377 2551 517 2643 gratiam
533 2550 790 2644 impertiendam
811 2551 958 2643 benigne
983 2550 1160 2626 inarmatus
1181 2543 1286 2642 iuxta

67 2667 157 2734 utum
180 2666 359 2748 consessu
385 2673 423 2739 ut
446 2664 632 2740 dummodo
656 2665 795 2757 praeisti
820 2666 889 2740 duo
913 2664 1056 2758 Lapides
1075 2665 1170 2758 prius
1186 2683 1278 2738 amo·

66 2781 199 2860 robur,
224 2793 346 2850 omnes
371 2783 406 2850 et
428 2777 552 2870 singuli
585 2777 763 2870 utriusque
790 2795 896 2852 sexus
924 2776 1164 2852 cbristidddes
1197 2794 1277 2852 vero

67 2885 251 2971 penitentes
275 2885 433 2971 contessi.
460 2905 499 2960 ao
514 2887 550 2960 S.
567 2887 813 2964 communione
835 2888 961 2974 relecti,
978 2888 1088 2982 quiin
1114 2901 1276 2982 quoeun-

68 3009 118 3082 que
144 2999 220 3072 ami
249 2996 306 3074 die
336 2999 651 3092 supraenuuoiatam
681 2999 717 3072 S.
747 3000 908 3074 Praxed'm
939 2999 1124 3074 Erolesiam
1156 2999 1278 3074 denote

68 3103 266 3194 rsiurerint,
291 3112 407 3204 ibique
425 3105 526 3203 'iuxta
551 3118 699 3186 mentem
725 3111 912 3185 Sanelilalis
942 3111 1031 3184 Suae
1054 3127 1116 3200 per
1141 3109 1278 3200 aliquod

68 3221 202 3312 terporis
226 3224 375 3316 spalinm
389 3223 464 3315 pias
488 3222 532 3296 ad
556 3224 665 3296 Deum
689 3231 807 3315 preses
824 3220 1012 3305 eliudurlnt
1033 3219 1277 3311 indulgentium
1435 3281 1439 3288 -

67 3325 227 3408 Pleuannn
251 3337 359 3410 semel
375 3336 409 3410 io
435 3353 527 3408 auno
551 3335 594 3409 ab
613 3351 821 3426 unoquoque
844 3331 1057 3408 Cbrislilldeli
1082 3329 1277 3408 lucrandum

68 3447 206 3538 monui
229 3448 372 3542 possint
398 3454 434 3521 et
457 3447 599 3522 valeant
626 3449 734 3534 Quam
758 3447 897 3538 matiam
921 3444 1025 3520 uoluit
1048 3441 1175 3516 liudem
1196 3441 1278 3514 San-

68 3553 142 3628 uuus
164 3559 231 3632 Soa
254 3559 387 3651 absque
402 3559 469 3634 nlla
485 3559 600 3634 Brevu
625 3558 839 3652 expeditione
862 3555 1036 3649 sumagan
1052 3571 1092 3628 ae
1107 3551 1278 3648 perpetuis

67 3661 165 3742 futuris
189 3671 397 3764 temporibus
412 3671 567 3746 absoluto
591 3671 704 3746 lamen
720 3670 787 3744 boo
810 3687 899 3742 anno
922 3665 1062 3742 tublaei
1078 3664 1149 3739 lore
1164 3661 1279 3736 raum

68 3791 133 3850 ram.
155 3781 273 3856 batum
290 3784 418 3856 ltomao
441 3801 487 3856 ex
511 3783 696 3856 sensoria
719 3782 795 3856 Sao
811 3777 1084 3874 congregationis
1099 3774 1276 3868 ludubrio

69 3885 168 3966 iarum
190 3893 243 3972 dio
270 3901 316 3970 ll
341 3894 542 3972 Novembris
568 3897 676 3968 1775.
1029 3877 1040 3901 ⁸

578 4119 689 4197 tulus
715 4117 843 4194 coum
867 4117 919 4190 De
944 4113 1100 4190 Somolt'u
1125 4111 1253 4188 Semel.
