3164 4926
605 421 797 490 ..35-

655 629 755 703 CXX.

629 777 780 829 uncis.

153 901 273 994 Nuper
299 897 358 970 SS.
384 896 423 969 ll.
450 896 489 970 N.
516 894 715 969 Benedictus
740 896 801 968 PP.
829 895 905 969 lllV
929 895 1139 990 privilegium
1160 899 1323 992 quandia.

82 1033 165 1087 umu
191 1012 325 1102 absque
350 1009 569 1102 expressione
593 1008 726 1081 numeri
758 1007 935 1083 llissarum
959 1028 1022 1101 pro
1047 1009 1204 1085 omnibus
1229 1012 1323 1086 Fide·

83 1129 173 1199 libus
199 1122 379 1206 deiunctis,
406 1128 439 1193 et
466 1139 543 1192 cum
569 1120 766 1193 extensione
791 1120 834 1193 ad
859 1121 1027 1212 quoslihet
1052 1123 1249 1200 Sacerdotes
1270 1124 1324 1198 dl·

84 1241 144 1312 lari
171 1239 207 1310 S.
236 1236 392 1326 Birgiltae
417 1235 454 1306 in
479 1233 635 1306 omnibus
653 1239 686 1306 et
702 1233 847 1325 Singulis
871 1234 1027 1307 Ecclesiis
1053 1236 1205 1327 ejusdem
1228 1239 1324 1311 lusti·

84 1353 143 1424 tuti
171 1351 227 1424 rol
254 1348 386 1421 Ordinis
404 1347 469 1420 sub
486 1345 540 1418 die
557 1351 602 1418 23
621 1347 814 1418 Decembris
843 1351 932 1418 1711
961 1347 997 1418 iu
1022 1355 1223 1441 perpetuum
1247 1367 1325 1422 coo-

84 1463 195 1536 ressit.
225 1461 312 1533 Cum
338 1478 418 1532 uero
444 1459 589 1531 Ecclesia
616 1457 767 1549 ejusdem
793 1460 826 1530 S.
852 1459 1007 1550 Birgittae
1024 1460 1114 1552 apud
1131 1480 1232 1552 quam
1248 1463 1326 1536 Fra·

83 1585 150 1648 tres
177 1573 358 1666 ipsiusmet
383 1571 516 1644 Ordinis
542 1573 577 1644 iu
602 1572 691 1644 Urbe
716 1571 879 1656 habitant,
907 1590 945 1644 ac
970 1572 1004 1644 iu
1030 1591 1070 1646 ea
1094 1575 1213 1648 Missas
1239 1594 1324 1667 uuo·

83 1688 162 1760 tidie
188 1687 372 1768 celebrant,
399 1692 432 1757 et
457 1691 588 1757 coetera
604 1683 716 1756 dirina
733 1683 839 1756 officia
857 1683 960 1758 libere
976 1686 1181 1778 persolvunt,
1209 1706 1325 1780 quam·

82 1802 130 1872 ris
157 1817 179 1870 3
204 1797 411 1880 fundatione,
437 1815 500 1868 seu
523 1797 578 1889 pia
604 1796 771 1868 erectione
796 1797 930 1888 propria
956 1814 1073 1870 eorum
1106 1798 1224 1872 luisset
1249 1799 1325 1872 Fra-

83 1921 172 1986 trum
199 1917 235 1984 et
261 1907 411 1992 Ordinis,
445 1926 535 1980 nunc
568 1913 679 1980 autem
705 1908 749 1980 ob
775 1908 907 1999 aliquas
932 1914 1122 2001 temporum
1148 1911 1324 1986 varietates

81 2023 254 2096 nonnullis
272 2021 411 2093 cesserit
430 2017 760 2103 administratoribus
779 2038 799 2091 a
816 2020 938 2111 quibus
956 2039 1032 2093 eam
1050 2020 1093 2094 ad
1109 2040 1324 2117 usumprae·

84 2136 162 2208 dicti
179 2135 303 2206 batres
320 2132 421 2224 gratis
438 2131 611 2213 retineant,
625 2131 661 2202 iu
678 2131 818 2204 dubium
845 2137 1036 2204 revocatum
1061 2132 1123 2205 init
1146 2137 1230 2206 oiim
1253 2137 1325 2228 pri-

83 2249 249 2341 ritepium
271 2245 473 2338 praesulum
491 2244 609 2325 ultori,
629 2248 661 2314 ct
677 2245 713 2314 io
730 2245 882 2316 Ecclesia
899 2244 1063 2334 eiusmodi
1090 2246 1124 2318 S.
1151 2247 1323 2338 Birqittuc

83 2361 121 2434 de
151 2361 243 2432 Urbe
268 2359 415 2431 uolent?
440 2355 518 2429 ldeo
545 2355 588 2428 ad
611 2356 814 2428 humillimas
830 2375 948 2448 preces
965 2357 1088 2429 Fratris
1105 2358 1198 2430 Pauli
1216 2359 1321 2433 Miller

83 2469 314 2546 Procuratoris
340 2469 511 2542 Generalis
537 2467 670 2540 Ordinis
696 2467 888 2560 hujusmodl
913 2467 1039 2540 Eadem
1060 2469 1224 2542 Sanctitas
1242 2471 1322 2556 Sua,

83 2607 122 2659 eo
147 2586 231 2678 quia
257 2581 424 2674 ejusmodi
448 2581 619 2674 privilegia
643 2599 712 2653 non
737 2581 857 2653 intuitu
882 2579 1117 2664 Ecclesiamm
1143 2578 1205 2654 sed
1231 2581 1325 2654 Ordi-

83 2701 145 2781 nis,
173 2693 399 2788 ejusdemque
424 2692 652 2766 Funditorum
669 2692 893 2776 concedenda,
912 2699 945 2765 et
961 2691 997 2765 in
1013 2692 1161 2766 Ecclesia
1177 2691 1324 2786 praelata

84 2829 163 2884 rere
187 2809 313 2882 llissae
338 2812 371 2878 et
395 2806 524 2896 reliqua
545 2804 656 2878 divina
682 2804 789 2878 odioia
807 2803 955 2896 quotidie
972 2805 1215 2898 persolvantur,
1233 2823 1272 2878 ao
1288 2806 1324 2879 in

84 2943 122 2996 ea
146 2921 262 2994 Altero
288 2917 440 3011 ejusdem
466 2919 499 2990 S.
527 2917 682 3009 Birgittao
708 2917 844 3001 existat,
872 2917 1050 2998 declararit
1074 2915 1165 2992 idem
1189 2918 1323 3011 privile·

85 3037 177 3126 pium
203 3031 381 3122 suliragari
406 3048 443 3102 ac
474 3029 591 3104 llissas
623 3029 786 3103 hactenus
819 3027 1000 3102 celebrates
1026 3047 1064 3101 ac
1089 3029 1125 3101 in
1149 3037 1323 3122 posterum

86 3147 196 3221 eidem
218 3143 322 3218 ditari
339 3143 566 3225 celebrandas,
583 3141 752 3235 praedicto
778 3142 924 3233 gaudere
948 3141 1122 3234 privilegio
1147 3146 1180 3214 et
1204 3147 1322 3232 quate·

86 3279 151 3332 nus
175 3275 263 3352 opus
280 3257 325 3329 sit
340 3255 475 3349 praevia
499 3253 669 3328 sanatione
695 3255 872 3329 Missurum
898 3253 1008 3327 eidem
1032 3251 1134 3325 Alteri
1159 3251 1322 3326 hacteuus

86 3373 327 3448 celebratarum
353 3367 513 3451 delectus,
540 3369 570 3440 si
594 3368 670 3458 quis
687 3365 795 3452 luerit,
813 3365 856 3440 de
872 3384 961 3440 noro
977 3363 1123 3458 benigue
1143 3364 1319 3440 concessit.

159 3485 279 3558 Oatum
304 3484 435 3558 llomae
461 3485 506 3554 28
530 3479 729 3554 Novembris
758 3484 863 3551 1112.

807 3591 844 3664 L.
870 3590 975 3665 Gonu.
1000 3591 1096 3664 Picus
1122 3590 1244 3663 Pmur.

700 3708 741 3778 Α.
760 3707 806 3780 Μ.
824 3704 919 3778 droa
943 3705 1038 3778 Prot.
1059 3705 1175 3797 Apost.
1194 3703 1319 3778 Serrei

644 3903 760 3976 Clllll.

592 4048 816 4103 roanrran.

160 4161 269 4254 Nuper
295 4163 352 4232 Sa.
380 4159 444 4234 lle.
471 4158 626 4232 Clemens
652 4157 713 4232 PP.
731 4157 793 4229 llll
819 4175 879 4250 per
903 4173 1003 4229 suum
1027 4155 1133 4228 Breve
1157 4152 1321 4248 incipieus

92 4273 257 4366 ·ldcpooi
282 4273 395 4346 Nobis
421 4299 433 4334 ι
457 4272 521 4344 sub
547 4271 602 4343 die
630 4273 673 4341 16
701 4271 852 4344 lanuaris
881 4273 967 4340 l73l
1000 4268 1126 4342 editum
1151 4265 1321 4340 Fratribus

95 4385 234 4462 ‚llinislro
258 4385 417 4464 Generali
442 4384 575 4458 Ordinis
600 4383 767 4459 Minomm
792 4385 826 4459 S.
847 4382 1010 4456 rraooisor
1034 4381 1077 4457 de
1102 4377 1320 4454 Obseruantia
