3164 4926
554 459 559 470 ,
593 413 640 460 ·,-
668 381 715 450 at
744 413 790 430 -

372 663 379 678 ,
443 651 447 664 .
599 587 792 662 cxxxvii.

143 739 234 814 curn
267 741 343 812 Sao.
371 738 644 842 congregationis
677 741 911 832 indulgentiis,
946 741 1122 832 sacrisque
1154 742 1314 834 Reliquiis

78 853 290 946 praepositae
316 853 502 926 bumibime
535 854 727 946 expositum
759 853 875 937 luerit,
902 854 1010 926 tribus
1036 853 1165 938 liebus,
1192 853 1317 928 suilioet

78 967 165 1040 leia
191 967 222 1038 V
252 967 287 1038 in
313 966 427 1040 Coena
451 965 594 1052 Domini-
612 985 651 1039 ao
667 968 886 1052 Parasceuen,
905 973 938 1040 el
954 967 1076 1040 sabato
1093 967 1226 1051 Sauoto,
1244 966 1317 1060 qui-

75 1079 134 1152 bus
159 1080 345 1152 incruenta
373 1079 580 1153 Sanctissimi
610 1079 766 1172 Corporis
792 1086 825 1152 et
851 1079 1029 1169 Sanguinis
1057 1079 1190 1153 Domini
1206 1077 1317 1154 Nosui

75 1193 149 1264 lesu
174 1187 305 1264 Christi
330 1191 498 1264 Saorilioia
523 1210 566 1266 ex
584 1175 843 1264 ¹lloolesiaslioee
868 1191 1061 1283 disoipbnae
1091 1192 1241 1264 instituto
1267 1189 1316 1262 of-

76 1303 146 1375 lerri
171 1303 319 1376 minme
343 1311 502 1396 possum,-
523 1303 694 1396 quoddam
711 1303 805 1395 pium
828 1303 1023 1379 exercitium
1050 1303 1084 1374 iu
1112 1301 1199 1384 Urbe
1224 1308 1258 1374 el
1282 1301 1318 1373 in

77 1415 245 1507 aliquibus
269 1415 383 1488 ltaliae
401 1416 483 1490 lonis
500 1415 726 1489 introductum
751 1415 892 1488 inveniri
909 1415 974 1488 snb
991 1415 1055 1488 bao
1070 1415 1155 1505 lege,
1172 1419 1212 1486 ut
1227 1412 1318 1504 quia·

77 1545 139 1618 que
164 1527 280 1620 spatio
305 1527 424 1600 saltem
448 1526 549 1602 umus
565 1528 668 1602 borae
684 1526 843 1600 omuibus
860 1545 899 1598 ao
915 1526 1055 1618 siurmlia
1072 1523 1228 1618 praelatis
1246 1521 1317 1596 rbe-

77 1639 136 1712 bos
160 1639 318 1712 Oratimi
340 1640 474 1713 bleutali
490 1641 544 1714 uel
566 1640 680 1712 Vooali
704 1639 739 1712 iu
757 1639 953 1730 suffragium
970 1637 1167 1712 Animarum
1183 1635 1219 1708 in
1236 1635 1319 1708 Pur·

78 1753 191 1842 motii
216 1752 343 1826 Poenis
369 1753 571 1844 degentium,
598 1767 717 1826 uaoure
742 1750 873 1836 debent,
899 1756 937 1824 ut
962 1768 1030 1842 quo
1055 1756 1212 1841 ternpore
1226 1748 1320 1840 ipsae

79 1865 240 1938 bdelium
257 1864 499 1938 beluuotorum
515 1867 645 1938 animae
658 1861 824 1955 suffragiis
839 1882 880 1938 ex
899 1863 1077 1936 blissaruur
1094 1860 1321 1938 celebratione

79 1977 359 2068 provenientibus
374 1977 617 2067 destituuntur3
635 1978 707 2060 alia,
726 1995 792 2069 qua
810 1982 920 2070 potest
935 1977 1064 2050 rabone
1080 1969 1213 2048 valeant
1229 1970 1322 2064 adju·

80 2089 156 2172 urd,
183 2088 310 2164 eadem
335 2090 409 2163 Sao.
435 2089 655 2182 congregatio
681 2089 736 2162 dle
754 2093 775 2158 ll
793 2079 915 2180 nortis
935 2093 1028 2160 l7l5
1046 2106 1084 2160 re
1100 2092 1322 2178 matureper-

79 2219 183 2292 prusa
199 2201 247 2274 ad
262 2199 430 2274 laudabile
445 2200 638 2294 hujusmodi
664 2201 851 2276 institutum
877 2199 1135 2284 contovendum,
1162 2195 1321 2284 omuibus

82 2313 281 2406 usiugutis
306 2313 483 2404 utriusque
507 2329 611 2386 sexus
637 2313 673 2384 in
697 2312 786 2386 Urbe
812 2330 851 2384 ao
867 2313 902 2384 in
919 2312 1009 2384 ltalia
1031 2307 1322 2390 christifidelibus

81 2425 136 2516 qui
160 2426 286 2498 saltem
311 2425 412 2498 eorde
433 2426 565 2498 ooulrili
582 2424 701 2498 diebus
718 2424 753 2496 iu
770 2423 882 2498 Coena
895 2423 1033 2496 Domini
1050 2439 1088 2494 ao
1104 2422 1322 2501 Parasoereu

82 2545 111 2609 et
135 2538 264 2611 Sabate
291 2538 423 2622 Sanum,
450 2537 597 2612 Orationi
622 2537 755 2612 trientali
780 2538 835 2610 rel
850 2536 962 2610 Vooali
988 2535 1024 2608 iu
1049 2531 1245 2624 suffragium
1270 2529 1324 2602 Fi·

83 2649 207 2722 lelium
233 2648 476 2722 Deluuotorum
500 2668 608 2724 uuam
634 2649 752 2721 sallem
781 2649 900 2722 boram
931 2647 1050 2720 devote
1080 2641 1324 2736 impenderint,

83 2761 329 2854 ludulgeutiam
354 2751 484 2855 septem
510 2781 686 2848 annorum,
712 2760 920 2852 mollemque
944 2757 1235 2852 quadragenarum
1257 2752 1326 2826 ani·

84 2875 204 2948 luobus
229 2873 397 2948 Fidelium
420 2875 659 2950 Debuuotorum
682 2873 911 2966 applicabilem
930 2872 1183 2965 inperpetuum
1208 2885 1326 2942 oonoe

84 2985 232 3060 leudam
258 3005 336 3060 esse
360 2989 500 3062 oeusuil.
525 2989 575 3061 De
601 2987 725 3079 quibus
746 2985 830 3058 laola
846 3004 908 3078 per
925 3003 980 3058 me
997 2983 1248 3074 infrascriptum
1265 2981 1325 3053 Se·

85 3101 264 3172 erendum
281 3099 337 3173 die
357 3106 402 3172 to
419 3083 571 3202 ejusdem
592 3099 716 3175 biensis
742 3099 961 3172 Sanoossimo
985 3095 1127 3170 Domino
1152 3094 1324 3178 relatione,

85 3213 251 3286 Sauobtas
277 3213 345 3286 Sua
376 3221 492 3288 rutum
525 3214 599 3286 Sa'o.
626 3203 900 3304 congregationis
934 3204 1163 3303 approbando·
1180 3205 1328 3296 benigne

86 3325 213 3400 nummi

620 3401 622 3408 Ι
681 3420 718 3512 C.
745 3436 849 3510 Coun.
876 3437 926 3508 llo
950 3435 1152 3508 nummus
1179 3385 1302 3506 ullor.

645 3554 688 3624 Α.
719 3553 768 3626 M.
794 3551 899 3652 brba.
931 3551 1025 3624 Prot.
1056 3549 1171 3640 Apoal.
1203 3546 1328 3654 secret.

603 3749 812 3824 cxxxvm.
897 3709 915 3756 ’·

413 3895 541 3950 ortubus
565 3896 713 3950 lltilouult
741 3893 1009 3948 corroborabatur

163 4001 249 4076 Cum
275 4001 515 4076 sanctissimus
531 4003 570 4074 D.
587 4001 627 4076 N.
645 4000 846 4076 Benedictus
863 4003 926 4075 PP.
943 3999 1020 4073 XIV
1038 3997 1102 4071 sub
1119 3995 1173 4069 die
1193 3999 1237 4066 lb
1255 3995 1332 4068 tulii

98 4117 199 4200 titt,
216 4123 253 4188 ut
267 4117 391 4190 blissae
409 4135 497 4206 quae
511 4117 608 4208 juxta
628 4115 891 4190 constitutiones
917 4113 1052 4188 Ordinis
1077 4111 1139 4184 FF.
1165 4108 1334 4184 Minorum

94 4225 128 4296 S.
145 4226 307 4302 liranoisoi
323 4228 618 4322 Cappuooinorum
639 4235 825 4320 nunoupat.
852 4227 895 4302 ab
921 4225 1073 4318 eiusdem
1097 4218 1334 4294 Sacerdotibus

100 4335 134 4410 iu
155 4339 249 4418 Obitu
264 4341 447 4437 cujuslibet
468 4341 654 4417 Sacerdotis
671 4341 725 4416 vel
742 4341 871 4426 cleriei,
890 4345 947 4417 aul
963 4339 1050 4425 Laioi
1068 4333 1202 4413 Ordinis
1218 4331 1335 4420 buius·

218 4460 235 4524 t
