3134 4918
770 321 986 390 -mo-
1085 285 1092 298 ’

732 537 824 589 bisbis
861 536 902 588 ET
940 535 1050 592 cusis,

336 681 632 777 batamprectbus
650 681 694 754 ad
705 681 792 753 banc
808 682 944 753 Sacram
958 676 1258 770 congregationem
1270 675 1491 770 indulgentis,

263 794 442 886 sacrisque
457 794 618 886 ileliqniis
634 793 858 887 praepositam
876 796 1031 884 exparte
1047 790 1203 883 Episcopi
1216 790 1491 874 blonasleriensis,

261 903 298 978 ln
322 906 448 998 qnibm
473 905 613 980 dubium
639 905 887 999 proponebatur
911 902 1025 975 «Num
1050 902 1090 987 is,
1116 901 1251 986 scibcet
1286 902 1347 993 qui
1379 903 1416 974 in
1446 901 1493 974 dic

261 1016 349 1090 lesto
375 1017 562 1102 Pambotis,
589 1035 658 1109 quo
682 1017 873 1090 Benedictio
904 1015 1033 1108 Papalis
1058 1013 1156 1088 datur
1187 1015 1230 1087 ab
1262 1014 1442 1108 Episcopo,
1465 1020 1494 1088 ct

261 1145 302 1203 aa
327 1127 372 1202 de
396 1145 497 1203 causa
522 1129 750 1222 indulgentiae
775 1128 957 1200 Plenariac
970 1145 1163 1220 concessae
1179 1133 1358 1219 suntspro
1388 1127 1494 1220 aequi·

259 1239 376 1313 randis
403 1241 458 1314 bis
483 1239 702 1332 indulgentiis
728 1239 944 1312 sanctissima
969 1240 1183 1326 Sacramenta
1207 1239 1495 1324 poenitentiaea

260 1351 489 1425 Eucharistiae
514 1353 664 1445 suscipit,
692 1371 752 1444 per
776 1353 864 1432 banc
889 1352 1182 1426 sanctissimorum
1207 1351 1495 1425 sacramentorum

260 1465 508 1557 susceptionem
527 1465 626 1539 etiam
649 1473 827 1558 praecepto
843 1465 1012 1538 Ecclesiae
1029 1465 1072 1537 de
1089 1464 1335 1549 communione
1351 1465 1496 1538 Pascbali

260 1575 362 1648 simul
392 1573 582 1658 satisfaciat,
612 1581 670 1649 aut
693 1595 777 1649 num
803 1575 914 1649 adbuc
944 1577 1061 1650 iterato
1095 1575 1138 1649 ad
1169 1577 1254 1650 baec
1285 1577 1496 1650 sanctssima

260 1687 474 1762 Sacramenta
500 1694 651 1781 ternpore
677 1689 826 1760 Pascbali
843 1687 1003 1762 accedere
1027 1693 1230 1762 teneaturt›
1247 1689 1348 1761 Sacra
1374 1689 1496 1762 Eadem

253 1799 491 1891 congregatio,
518 1798 639 1872 auditis
665 1799 902 1894 consultorum
920 1801 1017 1884 rotis,
1039 1797 1314 1893 respondendum
1340 1817 1421 1872 csse
1444 1799 1496 1872 dn

110 1999 112 2002 Ι
260 1909 312 1983 xit
336 1909 614 1984 «Conmlandcm
646 1910 890 1985 Soncdsimo»
914 1913 1082 2003 Factaque
1114 1911 1157 1984 dc
1190 1913 1350 1986 omnibns
1383 1913 1496 1985 Eidem

260 2023 478 2098 sanctissimo
503 2025 647 2130 Domino
671 2024 792 2098 Nostro
813 2025 977 2117 ¹Gregorio
995 2025 1058 2110 PP.
1075 2024 1152 2097 lilll
1177 2043 1239 2117 per
1259 2043 1316 2098 rna
1333 2025 1495 2111 infrascri-

258 2141 355 2229 ptum
368 2135 579 2209 cardinalem
594 2136 799 2210 Praefectum
813 2138 974 2210 relatione
986 2137 1020 2209 in
1035 2135 1212 2209 Audienda
1229 2137 1341 2210 babila
1355 2137 1412 2210 die
1425 2139 1496 2210 xix

117 2319 120 2322 .
257 2247 366 2324 Martii
389 2247 617 2324 dccccxli.
643 2249 806 2321 Sanctitas
831 2249 898 2321 Sua
924 2249 1069 2340 benigne
1087 2247 1265 2321 declararit
1287 2276 1303 2332 xc
1316 2250 1384 2322 Per
1413 2251 1494 2322 Coo·

100 2431 102 2438 Α
174 2387 179 2390 ·
260 2359 448 2454 tetdonem,
468 2363 507 2433 'at
533 2359 812 2437 commonionem
829 2357 884 2432 die
900 2359 1080 2433 Poscltotis
1096 2360 1364 2434 connectionis
1379 2381 1495 2454 pcrco·

259 2477 333 2546 lom
357 2478 389 2547 et
412 2471 668 2565 indulgentiam
692 2473 894 2544 Ptcucrtom
918 2471 1047 2565 Popoli
1063 2470 1298 2545 Benedicltcoi
1319 2473 1495 2546 admont

250 2585 401 2666 ilccrori,
429 2586 568 2657 alsatis
594 2589 779 2676 praecepto
805 2582 985 2674 Poscbctls
1008 2585 1084 2678 ficri
1097 2613 1131 2655 ι.
1157 2584 1288 2669 batum
1305 2587 1434 2660 Romae
1454 2605 1493 2658 ex

258 2696 441 2770 secretaria
466 2696 617 2788 ejusdem
644 2697 718 2774 Soc.
744 2695 1020 2788 congregationis
1044 2695 1333 2788 indulgentiarum
1367 2699 1433 2784 de,
1465 2707 1494 2772 ct

257 2825 358 2892 anno,
384 2808 507 2900 quibus
533 2827 646 2903 supra.

809 2920 846 2993 C.
873 2921 978 2996 Canu.
994 2921 1227 3017 Ersraacana
1249 2921 1374 3011 Panna.

661 3112 663 3116 ¹
724 3033 765 3106 d.
795 3033 986 3108 cononicus
1011 3035 1215 3110 Prtnztuolli
1242 3034 1457 3110 substitutus.

700 3284 708 3318 Ἀ
834 3231 920 3304 biii.
1077 3320 1081 3328 Ι

780 3375 963 3446 amanam.

330 3477 417 3554 cnm
441 3480 529 3554 inter
553 3486 686 3554 coetera
703 3479 844 3553 Romani
861 3479 1032 3555 pontilicis
1048 3481 1217 3555 Benedicti
1242 3482 1331 3556 xiv.
1356 3484 1492 3557 Decreta

256 3591 302 3664 dc
326 3592 507 3666 Scrrmum
532 3591 591 3667 ilci
616 3591 871 3682 beatificatione,
890 3600 923 3667 et
939 3594 1115 3668 Beatorum
1133 3596 1384 3669 canonizatione
1398 3613 1490 3690 prac-

253 3704 356 3798 cipue
394 3703 559 3778 sancitum
597 3705 663 3790 sit,
696 3705 789 3796 quod
821 3704 863 3778 de
888 3705 1086 3780 Sanctorum
1117 3706 1306 3800 Corporum
1338 3714 1371 3781 ct
1405 3708 1489 3780 ltali-

256 3817 412 3909 quiarum
438 3817 608 3892 identitate
625 3837 686 3911 per
705 3817 918 3911 probationes
942 3819 1067 3904 firmas,
1086 3820 1147 3892 elsi
1164 3837 1233 3892 non
1253 3819 1490 3912 metaphysica,

254 3931 309 4005 acl
333 3931 482 4024 physica,
499 3932 617 4006 saltem
633 3931 750 4006 morali
767 3929 933 4004 evidentia
949 3938 1057 4010 certas
1074 3940 1227 4006 constare
1244 3931 1374 4018 debeat,
1396 3949 1490 4006 cnm

252 4059 323 4135 que
347 4045 448 4116 Sacra
464 4043 548 4116 baec
564 4043 791 4135 indulgentiis,
809 4044 988 4136 sacrisque
1013 4045 1174 4142 Reliquiis
1199 4047 1385 4138 praeposita
1404 4046 1490 4118 Con

254 4155 403 4247 gregatio
428 4174 472 4229 cx
499 4155 593 4228 allata
617 4155 776 4229 relatione
801 4155 989 4248 Presbyteri
1006 4157 1143 4229 loannis
1167 4158 1275 4232 Nevot
1290 4157 1407 4232 Vicarii
1423 4157 1489 4232 Ge·

253 4267 377 4342 noratis
389 4265 622 4348 llbedcnensis
635 4267 816 4352 llicecesis,
831 4274 932 4360 atque
949 4287 992 4342 err
1009 4269 1150 4344 auriens
1163 4268 1369 4346 documentis
1383 4288 1490 4366 super
