3132 4924
1185 395 1230 462 59

606 531 680 602 XX.

60 696 225 781 Sannora‘um
243 699 502 787 lodulpenlr'orom
524 703 657 768 Coronoo
677 703 806 786 poloque
831 702 994 772 Volucrum
1014 703 1136 770 Domini
1162 703 1266 774 Narro·

19 811 20 844 ;
115 809 177 874 too
196 809 306 875 cinari
324 829 344 875 o
363 810 553 878 Sanctissimo
573 811 699 876 Domino
719 813 829 878 Nostro
849 813 945 877 Leone
964 815 1022 878 PP.
1045 813 1107 879 xli
1119 831 1264 880 anomoeo-

117 935 194 996 rum,
214 935 288 1000 poce
307 935 328 982 o
347 919 469 988 ciebis
488 921 671 988 Docolceotr'o
697 921 848 989 Poraiottia
868 922 904 986 D.
926 923 963 990 Ν.
985 923 1071 1003 culpo
1091 923 1266 993 Passionisti

19 1011 20 1024 ¹
117 1023 240 1103 fideliler
259 1025 495 1094 distribuuntur.
533 1091 538 1102 ,

503 1213 598 1272 uitulo
622 1213 664 1270 ET
690 1213 783 1268 ouuls

109 1343 336 1423 Sanctissimus
361 1343 524 1422 Dominus
548 1345 668 1422 Noster
692 1347 761 1422 beo
786 1343 850 1422 PP.
875 1345 936 1420 llll
957 1361 1001 1424 ex
1018 1344 1131 1422 debito
1156 1347 1272 1424 Pasto-

50 1453 105 1530 nis
120 1455 219 1534 Officii
245 1457 309 1534 sibi
325 1479 345 1536 a
360 1459 431 1536 Deo
456 1457 637 1546 commissi,
655 1455 698 1532 ad
716 1477 756 1534 ea
772 1457 914 1536 libenter
937 1457 1088 1546 intendit,
1106 1479 1168 1562 per
1185 1481 1273 1557 quae

49 1565 157 1642 Dirinuo
180 1570 290 1644 uultus
314 1569 533 1664 ooeiomuoo
557 1569 691 1646 dovotio
715 1572 912 1666 praesertim
937 1591 1016 1664 erga
1041 1573 1081 1651 D.
1114 1575 1153 1648 N.
1178 1575 1206 1647 t.
1233 1575 1272 1650 C.

49 1677 209 1756 Passionem
235 1682 363 1775 ubique
387 1683 548 1776 suscipiat
563 1685 819 1768 incrementum.
838 1690 872 1758 et
888 1683 932 1757 ad
947 1684 1006 1768 Da,
1024 1703 1112 1776 quae
1135 1703 1196 1778 pro
1212 1685 1274 1758 Dc
1294 1688 1296 1696 '

47 1789 192 1867 etesiarum
216 1795 436 1888 locorumque
462 1796 674 1887 Regularlum
700 1813 738 1870 ac
764 1797 987 1869 Personarum
1012 1797 1046 1868 ln
1072 1796 1136 1869 illis
1161 1797 1273 1870 studio

46 1901 99 1992 piae
117 1905 197 1979 ritae
214 1907 415 1993 vacantium,
441 1907 602 2002 proiectu,
628 1903 874 1992 commoditate,
901 1923 939 1980 ac
963 1907 1124 2005 spirituali
1156 1925 1275 1981 conso

44 2011 138 2090 latione
161 2035 222 2111 per
249 2015 345 2092 Sedis
377 2017 586 2114 Apostollcae
617 2017 864 2093 Prouidentiam
899 2037 1059 2094 concessa
1085 2025 1174 2106 sunt,
1204 2039 1275 2094 nou

44 2127 121 2203 nodo
143 2131 392 2225 approbationis
416 2131 602 2214 munimine
627 2130 790 2216 roborari,
817 2150 934 2214 rerum
961 2132 1062 2204 etiarn
1087 2132 1131 2205 ob
1164 2125 1274 2224 Nego·

42 2235 99 2312 laris
121 2241 319 2336 Disciplinao
344 2243 472 2327 merila,
498 2250 532 2316 et
556 2243 762 2336 spiritualem
788 2240 1062 2316 Christiddelium
1088 2243 1274 2329 utilitatem,

43 2351 168 2439 ejusdem
193 2352 294 2426 Sedis
309 2354 518 2448 Apostolicae
534 2354 714 2452 favoribus,
732 2355 856 2445 gratiis,
874 2359 907 2427 el
922 2355 1139 2445 indulgentiis
1165 2353 1273 2428 ditari.

39 2461 104 2536 linc
118 2466 228 2538 enixis
246 2465 412 2558 precibus,
430 2483 474 2538 en
490 2472 584 2560 parte
600 2465 782 2558 Praepositi
807 2465 979 2539 Generalis
996 2465 1273 2558 congregationis

40 2571 220 2652 llorlcorum
246 2579 519 2655 Excalceatorum
544 2579 712 2652 Passionis
734 2579 773 2652 D.
800 2579 840 2652 N.
856 2579 885 2651 J.
903 2577 940 2652 C.
967 2578 1170 2652 Passionisti
1185 2597 1274 2651 nun·

39 2697 215 2780 cupamrum
241 2689 305 2766 sibi
321 2691 494 2784 porrectis,
518 2691 553 2765 in
579 2691 702 2784 quibus
720 2711 780 2786 pro
797 2691 989 2766 recitatione
1007 2690 1158 2766 Coronae
1175 2691 1274 2786 quin·

39 2815 89 2889 que
111 2803 306 2896 plagarum,
331 2821 419 2895 quae
448 2805 622 2878 occasione
652 2806 725 2878 Suc.
758 2804 955 2879 Nissionum
982 2823 1021 2878 ac
1046 2803 1275 2898 Spiriloalinm

38 2909 263 2990 Dremiliorum
288 2916 331 2990 ab
356 2915 536 2990 individuis
562 2915 668 2991 diotae
695 2917 969 3010 congregationis
995 2933 1039 2990 en
1056 2917 1221 3002 lnsllluto,
1238 2917 1278 2990 n-

37 3021 146 3101 delbus
178 3027 443 3114 distribuuntur,
476 3029 656 3102 nonnullae
688 3027 916 3122 indulgentiae
950 3029 1152 3122 petebantur
1182 3029 1277 3104 «Dst

37 3141 129 3234 auem
152 3141 241 3216 baec
264 3139 394 3214 Corona
420 3145 509 3214 certa
533 3139 691 3235 precandi
716 3139 868 3226 formula,
895 3159 961 3232 qua
986 3137 1136 3232 quinque
1162 3146 1276 3234 partes

36 3249 155 3328 totidem
182 3252 307 3328 Gloria
331 3253 431 3326 Potri
448 3254 482 3328 iu
499 3251 638 3346 singulis
664 3253 933 3346 complectentes,
959 3271 1026 3326 uua
1044 3249 1202 3342 Angelica
1220 3251 1277 3326 Sa-

34 3358 175 3439 lutatione
202 3364 247 3437 ad
271 3366 307 3438 B.
332 3364 374 3438 V.
400 3365 570 3440 doloribus
588 3366 738 3456 adactam
752 3366 933 3459 interjecta,
952 3372 985 3438 et
1001 3363 1045 3436 ad
1063 3353 1188 3438 Dirum
1206 3363 1275 3438 sin-

35 3475 112 3562 gulas
136 3485 252 3571 partes
275 3475 414 3551 tolidem
438 3477 478 3551 D.
503 3479 543 3552 N.
569 3479 598 3551 l.
623 3475 660 3552 C.
687 3478 834 3552 Vulnera
859 3478 914 3570 pia
939 3475 1154 3550 meditatione
1180 3493 1275 3548 reco-
1374 3545 1375 3550 .

33 3583 148 3680 lunlur;
175 3587 260 3663 inde
284 3595 345 3674 est,
372 3589 464 3682 quod
488 3589 613 3664 Eadem
639 3591 803 3687 Sanctitas
828 3589 913 3674 Sua,
944 3588 1155 3680 singulorum
1181 3587 1276 3659 Glari-

34 3699 213 3775 stifidalium
239 3700 451 3775 devotionem
468 3721 506 3775 ac
523 3703 653 3796 pietalis
678 3720 785 3796 opera¹
806 3701 918 3774 lovere
935 3718 1038 3794 quam
1056 3697 1203 3771 maxime
1220 3713 1277 3770 cu-

32 3809 115 3900 piens
139 3811 336 3908 hujusmodl
361 3813 657 3908 supplicationibus
682 3813 847 3896 inclinata,
866 3827 984 3884 omnes
1002 3817 1035 3884 et
1052 3809 1200 3902 singulas
1220 3810 1276 3881 lu·

33 3917 221 4014 dulgentias,
234 3922 270 3996 in
283 3926 437 4018 sequenti
454 3923 642 3998 summario
659 3923 851 4008 recensitas,
865 3923 1011 4014 benigne
1024 3919 1058 3993 in
1077 3926 1278 4014 perpetuum

33 4037 201 4120 concessit,
227 4037 356 4129 absquo
380 4037 446 4110 ulla
470 4039 585 4112 Brevis
602 4037 826 4132 expeditione.
857 4033 956 4108 Nacta
980 4034 1120 4126 insuper
1137 4033 1280 4125 Praepo-

32 4143 87 4218 sito
111 4147 268 4222 Generali
293 4167 355 4242 pro
372 4155 533 4242 tempore,
560 4149 667 4224 dictae
683 4147 955 4240 congregationis
972 4144 1126 4220 facultate
1147 4143 1279 4237 praedi·

33 4261 94 4329 clas
117 4258 271 4336 &nouas
294 4275 390 4336 storo
414 4261 490 4340 nitu
515 4260 737 4340 oeoedoaod
769 4260 823 4333 nel
854 4277 916 4352 per
940 4275 978 4332 se
1005 4257 1116 4351 ipsum
1142 4257 1195 4329 rel
1219 4273 1281 4349 per
