3164 4926
779 348 998 414 -lot-

274 491 370 573 aaut,
396 495 430 561 et
455 489 489 559 in
516 487 666 578 quolibet
690 503 732 558 cr
759 482 855 558 dictis
872 481 1028 554 Eouasiis
1044 481 1155 554 hilare
1171 499 1192 552 a
1208 479 1353 571 praelato
1373 481 1411 560 l),
1430 479 1510 554 Por-

272 603 404 695 phyrio‘,
422 600 475 672 vel
493 617 553 691 pro
572 593 721 688 tempoio
739 597 903 668 existente
918 593 1071 686 ejusdem
1088 591 1361 683 congregationis
1377 592 1512 670 attare

275 712 440 804 Generah,
463 711 570 784 sumai
592 707 859 798 designandum,
886 709 951 778 hoc
979 705 1118 800 'speciali
1143 705 1233 792 dono
1266 705 1444 789 illustrare,
1471 712 1511 778 ut

273 823 556 917 quandocumque
582 819 745 894 Sacerdos
772 819 891 910 aliquis
917 818 1114 901 Saecularis,
1141 818 1194 889 vel
1210 817 1510 913 Regularisoojus-

273 954 420 1028 cumque
445 935 589 1018 Ordinis,
615 934 761 1006 instituti
786 931 839 1004 rel
857 929 1130 1022 congregationis
1150 931 1286 1004 Missam
1312 948 1373 1022 pro
1398 931 1512 1004 anima

273 1050 516 1144 cuiuscumque
541 1045 784 1138 christifidelis,
812 1062 901 1134 quae
918 1044 996 1116 heo
1021 1042 1065 1132 in,
1082 1043 1240 1116 charitate
1264 1042 1440 1133 coniuncta
1466 1044 1511 1118 ab

273 1158 435 1254 hecloce
452 1157 662 1248 migraverit,
690 1155 733 1229 ad
756 1154 943 1247 praelatum
967 1151 1079 1232 attare
1096 1153 1341 1244 designandum
1366 1153 1513 1228 celebra·

272 1271 469 1362 hit,'.anima
493 1270 568 1361 ipsa
593 1268 635 1342 de
661 1269 818 1342 thesauro
844 1267 1012 1341 Ecclesiae
1035 1269 1097 1358 pe'r
1122 1266 1262 1340 modam
1286 1267 1434 1359 sumagu
1453 1267 1511 1338 ln-

273 1368 479 1476 dnlgentiam
506 1389 750 1474 consecrantum
777 1383 820 1454 ita
845 1387 883 1454 ut
906 1381 945 1452 h.
972 1381 1011 1456 N.
1037 1383 1118 1462 lesu
1144 1377 1335 1460 carsurae.
1355 1379 1511 1452 Beatissi-

272 1491 520 1587 mae'Virginis
546 1495 668 1568 Mariae
694 1491 1276 1587 Sanctorumqneomnium·meritis
1301 1491 1366 1567 slhi
1390 1492 1510 1566 sutfra-

273 1609 428 1700 genubus
454 1629 473 1680 a
499 1607 682 1699 Purgatorii
708 1607 827 1697 poenis
851 1607 1030 1688 liberetur,¹
1046 1605 1194 1696 henigne
1219 1605 1385 1710 concessit
1410 1610 1513 1696 atque

273 1719 420 1795 indulsit.
447 1721 519 1792 Non
547 1718 755 1793 obstantibus
781 1718 816 1790 in
842 1717 1051 1796 eontrarium·
1070 1716 1266 1796 iacientibus
1292 1716 1510 1808 quibuscum-

274 1851 352 1924 que.
367 1831 549 1924 ,Praesenti
574 1832 610 1902 in
635 1836 835 1921 perpetuum
858 1830 1016 1912 salinam.
1044 1827 1224 1918 voluitque
1254 1828 1418 1902 Sanctitas
1442 1829 1513 1900 Soa

273 1945 360 2016 hanc
385 1944 522 2034 gratiam
550 1943 679 2032 absque
704 1943 771 2014 ulla
796 1942 911 2014 Brevis
933 1941 1153 2038 ‚expeditione
1178 1939 1353 2031 suflragari
1378 1959 1512 2013 earum·

273 2056 420 2146 demque
444 2055 673 2148 praesentium
689 2054 888 2127 Litterarum
907 2053 1134 2144 nansum'ptis,
1153 2069 1217 2126 sau·
1231 2051 1511 2143 aremphsetiam

273 2169 463 2260 impressis,
490 2185 593 2238 manu
618 2173 652 2238 et
676 2167 783 2257 sigillo
809 2165 978 2262 praedicti,
1006 2171 1039 2238 et
1059 2183 1125 2256 pro
1153 2169 1308 2257 tempore
1332 2151 1511 2238 existentis

273 2273 499 2354 procuratoris
532 2279 704 2352 Generalis
737 2277 1008 2370 congregationis
1039 2277 1207 2369 praelatae
1239 2275 1377 2350 munitis
1401 2276 1512 2368 ipsam

273 2410 412 2485 prorsus
437 2389 539 2470 noem
567 2391 601 2484 in
631 2391 756 2483 jndicio
789 2397 823 2462 et
855 2397 948 2463 entra
975 2389 1145 2484 adhiberi,
1177 2407 1264 2479 quac
1296 2385 1513 2462 adhiberetur

274 2504 356 2596 ipsis
380 2501 626 2594 praesentibus
652 2503 681 2576 sl
707 2503 814 2574 lorent
835 2501 1009 2578 ,exlribitae
1033 2502 1087 2602 tel
1113 2507 1278 2574 ostensae.
1366 2561 1369 2568 .

241 2683 245 2689 .
344 2616 466 2686 Datum
491 2613 698 2708 Romae-die
726 2619 770 2685 la
797 2593 919 2704 Aprilis
937 2605 1034 2686 'anno
1063 2617 1169 2685 lull.
1454 2679 1503 2702 ,,

295 2755 298 2763 ’
637 2729 641 2741 ’
789 2727 848 2798 Fa.
875 2728 904 2800 l.
930 2727 1034 2810 Canu.
1061 2723 1329 2829 Poaroonauaao
1354 2726 1478 2798 Panae.

577 2883 586 2900 ·
725 2839 794 2910 Ἀ.
821 2841 870 2912 M:
893 2839 989 2912 brou
1010 2839 1108 2923 Prot.
1136 2837 1350 2930 Apostolioca
1377 2839 1504 2913 Serrei.

851 3033 934 3108 cti:
1032 3095 1037 3106 .

322 3147 326 3156 ’
448 3181 576 3236 oenrms
602 3181 754 3236 rnrrnun
781 3147 955 3235 senvo'nuu
981 3182 1015 3244 n,
1039 3135 1164 3236 nautae
1190 3181 1332 3255 urnonns

345 3275 399 3358 rld
423 3287 626 3362 humillimas
651 3307 769 3380 preces
795 3289 847 3360 Fr.
872 3288 1012 3380 ioannis
1036 3290 1124 3362 Petri
1149 3288 1293 3362 Fancelli
1309 3289 1433 3362 Prioris
1447 3290 1516 3364 Ge-

272 3398 394 3472 neralis
428 3403 461 3470 et
492 3399 545 3472 Fr.
579 3401 745 3488 Francisci
778 3399 901 3473 hieriae
932 3399 1107 3474 Pacoronl'
1126 3401 1365 3494 Procuratoris
1386 3402 1516 3494 pariter

273 3503 446 3604 Generalis
478 3510 540 3584 FF.
574 3511 707 3588 Ordinis
740 3511 921 3584 Servorum
936 3514 989 3584 ·B.
1016 3513 1059 3587 hl.
1094 3513 1239 3606 Virginis
1272 3507 1517 3588 sanctissimus

272 3621 436 3704 Dorulaus
461 3623 581 3696 Noster
606 3617 805 3722 Benedictus
830 3623 892 3696 PP.
910 3625 1001 3696 xlii
1022 3643 1066 3697 ex
1092 3625 1338 3717 notoproprtn
1352 3625 1516 3706 omnibus

273 3738 307 3832 et
332 3733 470 3828 singulis
495 3735 673 3825 utriusque
698 3751 803 3808 sexus
832 3735 1110 3823 christifidelibus
1136 3753 1215 3810 rere
1248 3737 1515 3828 poenitentibus,

273 3844 436 3930 conlessis
469 3865 508 3917 ac
541 3847 574 3916 S.
609 3846 852 3920 communione
881 3847 1023 3932 relectis
1058 3847 1116 3940 qui
1149 3849 1295 3940 aliquam
1311 3831 1516 3922 ¹Ecclesiam

274 3957 427 4051 ejusdem
452 3955 585 4029 Ordinis
608 3957 646 4028 in
671 3977 738 4031 una
771 3967 900 4032 tantum
927 3960 1132 4045 Festivitate,
1163 3961 1218 4032 rel
1246 3960 1302 4034 die
1331 3960 1518 4052 cujuslibet

273 4070 352 4142 anni
377 4070 412 4142 in
437 4068 577 4160 singulis
603 4070 758 4145 Ecclesiis
784 4071 977 4163 hujusmodi
1002 4089 1064 4166 per
1088 4072 1314 4166 respectitom
1334 4071 1427 4146 illum
1445 4073 1515 4146 Su·

271 4183 439 4276 perierem
471 4182 711 4258 prouincialem
745 4183 950 4278 designanda
979 4185 1100 4268 devota
1134 4185 1360 4270 visitaverint,
1393 4185 1517 4278 hique

271 4297 371 4388 juxta·
392 4301 540 4372 menum
558 4298 745 4372 sanctitatis
765 4300 852 4374 Suae
867 4301 928 4394 pie
944 4301 1111 4396 orarerint
1126 4297 1518 4392 indulgentiamelena-
