3134 4918
589 373 806 438 -379-

430 508 596 580 Prmante
621 513 664 590 te,
690 511 770 580 Pau
795 522 906 582 aurea

483 620 606 692 Terras
629 623 767 706 recisol,
793 626 832 694 ut
857 623 928 695 Deo

482 733 560 804 Tuti
585 751 749 824 queamus
773 734 916 807 reddere

478 846 563 918 llou
588 846 737 919 laetiora
762 850 898 921 cantica

755 961 862 1044 Quem
886 980 948 1035 uos
973 967 1034 1036 etc.

434 1069 508 1140 libi
530 1069 645 1141 Beata
674 1070 824 1145 ltioilas

483 1181 548 1252 l'ni
572 1184 644 1254 Deo
669 1183 713 1254 sil
737 1185 852 1274 qloria

479 1293 574 1364 Laus
599 1298 631 1365 et
650 1299 804 1386 potestas
829 1297 947 1369 omnia

480 1404 548 1476 Per
573 1407 789 1478 saeculomm
808 1409 957 1481 saeculo.
975 1409 1083 1482 ,lmen

194 1519 229 1586 t.
258 1514 333 1588 Ora
351 1533 421 1607 pro
446 1517 543 1588 nolis
569 1517 666 1588 beate
688 1519 749 1590 Pie

192 1644 231 1706 n.
260 1626 302 1698 tu
328 1625 426 1718 olqnt
450 1627 637 1719 efficiantur
651 1631 935 1722 promissionibus
953 1632 1088 1708 Cirrisii.

598 1885 788 1937 ouuttus

145 2073 236 2146 lleus
261 2074 323 2165 qui
348 2071 398 2146 ad
421 2074 642 2148 conterendos
674 2077 844 2148 Ecclesiae
876 2081 957 2149 tuae
988 2076 1098 2151 hostes
1123 2083 1157 2152 el
1180 2079 1230 2152 ad
1254 2077 1307 2154 ot-

84 2182 189 2258 tiourt
214 2187 346 2259 cultum
370 2186 608 2279 reparandum
632 2189 673 2258 ll.
701 2189 801 2258 Pium
817 2189 1014 2280 Pontificem
1037 2192 1232 2263 Mammam
1248 2193 1308 2266 cli·

84 2313 153 2384 perr
175 2295 341 2389 eliquatus
366 2317 419 2370 es:
443 2298 501 2391 foc
526 2318 588 2370 nos
612 2299 718 2391 ipsius
738 2297 874 2391 delendi
893 2299 1089 2391 praesidiis,
1116 2307 1149 2374 et
1173 2304 1225 2375 ita
1241 2305 1310 2376 luis

83 2404 253 2482 Munere
278 2411 456 2501 obsequiis,
483 2415 521 2482 ut
548 2411 700 2483 omnium
717 2409 865 2482 hostium
888 2413 1057 2504 superatis
1082 2413 1215 2486 irtsidiis
1230 2433 1310 2506 per·

80 2523 174 2608 petua
193 2539 286 2615 pace
311 2522 489 2595 laeternur.
515 2524 584 2593 Per
608 2523 795 2594 Dasminum
819 2527 973 2596 nostrum
994 2525 1110 2598 lesum
1137 2523 1308 2600 Clauum

82 2631 196 2708 lilium
222 2639 320 2708 tuum
345 2639 405 2708 etc.
1252 2662 1257 2669 ·

549 2793 642 2845 tttuts
665 2793 707 2845 ΕΙ·
730 2793 823 2847 ORBIS

143 2983 382 3056 sanctissimus
403 2983 567 3056 Dominus
583 2982 702 3054 Noster
719 2983 797 3054 Pius
814 2983 876 3055 ΡΡ.
894 2983 967 3055 tht
983 2986 1131 3057 oratoris
1147 2987 1306 3079 precihus

81 3107 223 3166 annuens
243 3103 427 3186 sequentes
443 3093 680 3185 indulgentias,
698 3093 854 3167 fidelibus
871 3113 1007 3186 quoque
1024 3094 1189 3171 defunctis
1205 3101 1308 3192 appii-

80 3203 211 3291 auitos,
238 3215 407 3300 quatenus
431 3225 519 3298 opus
544 3207 604 3289 sit,
632 3205 789 3278 omnihus
813 3207 991 3296 utriusque
1015 3225 1120 3279 sexus
1144 3209 1307 3282 christili-

81 3313 201 3391 munus
217 3319 364 3412 benigno
385 3320 563 3402 concessit,
581 3319 765 3391 Planasiam
778 3337 902 3410 nempe
914 3318 1171 3411 incipiendama
1189 3321 1307 3414 primis

80 3433 221 3523 resposis
246 3451 358 3524 nsque
382 3432 426 3505 ad
450 3431 516 3504 diei
541 3432 617 3503 festi
642 3432 676 3503 S.
703 3431 799 3501 PiiV
822 3431 902 3502 solis
929 3449 1096 3516 occasum,
1123 3431 1306 3518 dummodo

80 3557 150 3616 roro
174 3546 385 3636 poenitentes
410 3553 444 3616 et
469 3543 632 3625 oontessi,
658 3543 912 3614 sanctissimum
937 3541 1162 3614 Eucharistiae
1191 3543 1306 3614 Sacra-

80 3663 220 3728 mentum
246 3657 464 3748 sumpserint,
483 3673 547 3728 uec
564 3673 631 3726 nau
648 3661 725 3726 aute
742 3653 877 3744 aliquod
892 3653 1047 3745 eiusdem
1063 3655 1174 3726 Sancti
1194 3653 1306 3726 Altero

80 3773 129 3838 aut
152 3767 349 3860 Reliquiam,
367 3787 430 3841 seu
452 3769 487 3840 iu
504 3768 615 3858 aliqua
640 3765 776 3859 praelati
801 3765 934 3838 Ordinis
958 3765 1225 3839 Praedicatorum
1242 3765 1304 3838 Eo-

80 3876 204 3952 clesiam
229 3879 435 3953 antedictum
461 3880 632 3970 Hunnum
658 3878 886 3962 recitaverint,
912 3899 951 3951 ao
975 3877 1195 3972 paratiquod
1219 3883 1303 3951 tem·

79 3992 162 4078 potis
185 3993 331 4086 spatium
353 3993 451 4085 juxta
476 3997 655 4064 consuetos
679 3989 765 4062 lines
790 3991 980 4078 oraverint3
1005 4008 1044 4061 ac
1068 3989 1208 4082 iusuper
1224 4009 1305 4082 qua·

80 4099 219 4195 draginta
243 4105 376 4178 dierum
401 4103 646 4196 Indulgentiam
670 4120 732 4194 pro
756 4104 855 4174 unica
879 4103 1052 4175 dumtaxat
1074 4101 1148 4174 vioe
1164 4101 1304 4194 siugulis

80 4215 152 4287 anui
175 4217 295 4292 mbos
320 4219 351 4290 si
367 4215 470 4290 cordo
482 4217 599 4290 sutem
613 4215 754 4288 contrito
770 4221 803 4287 et
817 4213 948 4299 devote,
966 4220 1004 4287 ut
1018 4233 1122 4306 supra
1133 4215 1305 4308 ttymnun

81 4325 284 4406 tmitavonut
307 4336 343 4406 et
367 4329 546 4406 eraserim.
562 4326 782 4404 enantion
798 4333 998 4422 perpetuum
1018 4325 1160 4402 ralmro
1174 4323 1305 4418 ubsque
