3214 4928
778 349 972 418 -2g..

262 487 365 562 leudi
389 486 529 560 Altaria
549 487 775 578 privilegiato
796 505 863 579 pro
888 484 1077 579 aeneus,
1104 502 1210 576 neque
1236 483 1489 577 lucutpmttos,

261 606 323 673 out
348 605 438 673 certo
461 617 689 693 personarum
714 599 830 691 paneri
855 617 1039 680 concessos,
1065 601 1104 670 ot
1127 598 1487 691 eoopotorouoaore,

261 713 499 805 Eapulorilus
526 717 558 785 et
585 712 754 806 Capitale,
781 716 843 784 out
868 716 998 784 certum
1018 712 1117 804 pium
1143 729 1227 802 opus
1254 710 1393 803 inipso
1420 713 1486 784 Ec·

260 826 364 898 alesia
391 825 654 918 peragentibus,
681 829 719 896 ut
744 824 902 896 Litorius
928 824 1084 915 aliosque
1117 821 1311 913 huiusmodi
1335 823 1485 896 recitau-

259 937 598 1028 transactisque·
633 934 830 1010 Christiano
862 936 1031 1009 Doctrina
1064 933 1286 1019 emittuntur,
1316 935 1371 1010 uel
1395 937 1486 1010 olins

259 1047 431 1130 audiunt,
458 1053 491 1122 et
516 1051 575 1140 qui
600 1048 813 1121 sanctissimi
837 1047 1077 1122 Eucharistiae
1102 1049 1318 1122 sacramenti
1350 1049 1486 1142 capasi-

259 1160 349 1234 tioue
374 1179 452 1233 cum
477 1161 634 1234 oratiam
660 1160 897 1252 petraeum
914 1159 1081 1232 tororum
1102 1160 1269 1234 intersunt
1284 1178 1392 1252 mque
1409 1162 1488 1234 Sta·

259 1273 391 1346 tionum
419 1273 517 1346 Urbis
533 1277 566 1346 et
581 1276 707 1366 septem
723 1273 897 1345 Altarium
914 1272 1150 1365 indulgentius
1167 1272 1216 1345 cel
1232 1274 1343 1347 instar
1358 1277 1488 1366 septem

257 1382 431 1474 titurium
455 1385 627 1458 Basilicoe
658 1386 843 1458 Vaticauoe
868 1403 1053 1466 concessos,
1086 1403 1194 1477 neque
1221 1383 1368 1467 demum
1396 1403 1488 1476 quoe

252 1515 320 1588 pro
346 1497 450 1569 unico
474 1497 546 1570 nice
571 1495 811 1570 conceduntur.
841 1497 1017 1570 Caeterum
1042 1499 1163 1570 mello
1179 1496 1399 1589 indulgentia
1416 1499 1489 1572 sioe

255 1609 421 1681 Plattoria
444 1610 514 1682 sioe
538 1627 607 1681 uou
632 1610 798 1681 Pleuurio
823 1611 860 1680 ia
883 1613 1088 1702 perpeterere
1112 1609 1166 1681 oet
1183 1608 1232 1681 uel
1249 1615 1391 1702 tempus,
1409 1614 1486 1683 tum

256 1719 301 1791 ot
327 1719 446 1794 eodem
471 1723 543 1794 tum
568 1721 613 1794 ab
639 1722 710 1794 olio
737 1723 893 1796 Romano
919 1723 1083 1815 Poutifiee
1108 1724 1299 1813 peuerotim
1318 1721 1484 1815 Clristitl-

258 1829 388 1905 delibus
412 1832 602 1906 Ecclesiam
626 1833 680 1907 oet
706 1834 849 1924 aliquod
874 1835 944 1924 ejus
968 1834 1100 1915 Altera,
1126 1853 1184 1908 seu
1211 1835 1413 1927 cappellam
1436 1836 1489 1907 oi-

256 1945 437 2018 sitantilms
462 1944 580 2018 eodem
605 1945 661 2018 uie
685 1949 739 2020 nel
764 1945 898 2020 diuerso
924 1965 1081 2020 concessa
1106 1947 1221 2039 puerit,
1249 1945 1291 2019 ee
1316 1965 1387 2037 nuo
1414 1967 1488 2020 nou

255 2056 321 2150 pot
344 2057 380 2130 in
404 2058 542 2132 Litteris
557 2058 760 2150 Apostolicis
776 2059 914 2140 mentio,
933 2058 996 2132 loos
1012 2060 1162 2132 Litteras
1179 2061 1220 2132 ol
1243 2058 1373 2132 dictum
1389 2061 1486 2132 clou-

257 2169 371 2254 sulam
396 2187 464 2242 esse
485 2189 628 2262 prorsas
653 2171 832 2245 initurae
852 2172 967 2244 nullas
992 2201 1004 2234 »
1028 2178 1065 2244 ut
1090 2189 1251 2264 expresse
1284 2169 1425 2246 habetur
1449 2172 1488 2246 in

257 2282 396 2354 Decreta
420 2282 463 2354 ab
480 2282 599 2356 eadem
616 2282 688 2356 Sao.
707 2283 970 2375 congregatione
991 2283 1139 2376 desuper
1155 2283 1244 2356 edito
1261 2282 1316 2368 die
1334 2288 1379 2355 23
1397 2285 1489 2358 lunii

258 2393 335 2466 anni
364 2398 468 2468 teto.
488 2395 607 2470 Postea
622 2401 735 2469 mmen
753 2394 861 2468 eidem
879 2397 953 2468 Sao.
971 2395 1228 2488 congregationi
1253 2395 1399 2470 delatum
1424 2397 1487 2471 tuit

258 2523 325 2578 non
343 2523 469 2599 pancos
486 2524 573 2591 esse,
591 2509 649 2600 gni
666 2509 873 2601 praedictum
885 2509 1065 2582 Decretum
1078 2527 1147 2580 non
1159 2516 1249 2582 recte
1264 2508 1488 2602 intelligentes

257 2619 322 2694 sibi
346 2619 506 2705 suadent,
533 2621 626 2712 quod
649 2621 679 2695 si
700 2622 734 2694 in
751 2621 861 2712 aliqua
876 2621 1024 2694 Ecclesia
1037 2622 1107 2713 jam
1123 2639 1303 2694 concessae
1319 2623 1488 2716 reperian-

258 2735 312 2804 tur
327 2731 566 2825 lndolgentiae,
584 2755 671 2826 qnae
689 2754 750 2828 pro
766 2735 871 2808 Feriis
887 2735 999 2808 Sextis
1017 2735 1142 2808 mensis
1154 2734 1261 2807 Martii
1278 2733 1349 2808 dari
1366 2737 1486 2822 solent,

258 2849 292 2917 et
316 2851 431 2937 postea
460 2846 495 2919 in
533 2847 651 2921 eadem
682 2847 831 2920 Ecclesia
856 2847 919 2919 elia
943 2846 1150 2937 Indulgentia
1182 2846 1383 2921 concedatur
1408 2868 1489 2923 curn

259 2958 466 3050 appositione
485 2960 520 3032 in
537 2961 634 3033 Brevi
659 2979 761 3052 supra
786 2965 989 3034 memoratae
1014 2958 1181 3030 clausulae
1205 2959 1396 3032 «Volumus
1421 2980 1487 3032 ou·

259 3073 327 3143 tera
351 3076 414 3143 etc.
448 3099 482 3155 ι,
509 3071 717 3164 Indulgentia
742 3091 830 3164 quae
855 3077 1025 3164 postremo
1050 3069 1123 3142 loco
1148 3070 1224 3142 oeta
1241 3078 1293 3142 est
1308 3070 1416 3144 valida
1432 3071 1487 3156 sit,

258 3188 461 3274 quapropter
485 3189 522 3256 ut
547 3184 656 3256 omnis
681 3184 715 3256 in
741 3190 914 3276 posterum
940 3180 1061 3253 erroris
1087 3181 1217 3253 occasio
1234 3181 1412 3267 auferatur,
1429 3201 1486 3256 ea·

258 3291 337 3365 dem
362 3294 435 3366 Sac.
454 3294 673 3386 congregatio
694 3294 807 3369 habita
823 3294 878 3368 die
897 3299 942 3366 ttl
960 3290 1082 3385 Aprilis
1099 3293 1177 3366 anui
1197 3297 1290 3364 tute
1308 3292 1488 3368 declararit

259 3403 501 3496 indulgentiam
526 3407 642 3480 ultimo
668 3407 740 3480 loco
764 3407 810 3480 ita
834 3423 1030 3480 concessam
1057 3404 1100 3479 ab
1126 3421 1227 3498 saepe
1252 3403 1375 3477 dictam
1394 3405 1485 3479 clau-

259 3517 368 3591 sulam
392 3543 405 3578 ι
436 3517 592 3593 Volumus
609 3523 725 3594 autom
741 3525 803 3592 etc.
821 3550 834 3583 ι
853 3519 985 3592 Litteris
1005 3516 1203 3610 Apostolicis
1219 3515 1392 3603 insertam,
1409 3535 1487 3593 esse

259 3629 542 3708 natumnatum
568 3630 624 3706 die
651 3637 691 3704 tt
722 3631 928 3724 Septembris
958 3634 1064 3703 llltt.

875 3745 912 3816 L.
939 3742 1043 3815 Coun.
1070 3743 1166 3816 Picus
1191 3741 1313 3815 Paene.

698 3854 856 3948 Eaptceel
883 3855 1023 3929 Cosmus
1047 3853 1089 3928 de
1114 3854 1330 3948 Hieronymis
1357 3856 1481 3931 secret.

836 4053 905 4126 XL.

336 4194 385 4266 l.⁰
410 4196 464 4302 Eu
488 4194 726 4289 Beuetactores
752 4193 890 4268 mutuis
909 4195 942 4268 S.
960 4193 1141 4286 Augustini
1158 4193 1344 4286 gaudentes
1360 4211 1484 4287 oppre-

260 4306 399 4400 putioue
409 4326 476 4401 per
492 4307 728 4404 affiliationem
745 4307 895 4400 eusdem
913 4306 1062 4391 uetes,
1085 4312 1116 4384 et
1135 4307 1332 4400 conpares
1350 4307 1485 4384 cinctu
