3182 4922
758 305 977 371 -538-

246 445 307 538 qni
330 441 478 536 quotidie
501 459 563 535 per
589 441 755 533 integrum
772 457 926 514 mensem
943 435 1098 512 eamdem
1122 434 1347 508 taentatorian
1361 433 1459 506 161116

244 575 284 632 16
299 575 362 650 pro
376 572 471 628 more
487 553 675 638 habuerint
692 552 936 644 indulgentiam
952 549 1138 624 Pienariam
1162 547 1268 622 1611161
1282 547 1316 620 in
1331 543 1464 637 quotibet
1557 598 1558 606 a

245 682 374 749 mense,
391 681 459 736 nna
475 661 629 738 videlieet
653 663 830 756 cujustibet
853 663 982 739 nemis
997 661 1054 736 die
1068 661 1331 752 nninseojusrpoe
1345 656 1463 730 11111116

123 813 127 822 ’
245 775 408 867 eligenda,
434 794 502 868 qna
526 795 606 850 vere
630 778 854 869 poenitentes,
873 775 1029 860 eoniessi,
1048 776 1217 866 &maone
1241 771 1466 848 conmunione

244 887 369 972 retenti,
395 888 540 980 aliquam
565 889 762 973 deotesiam,
787 907 848 963 seu
873 889 1047 981 publicum
1065 888 1253 962 oratorium
1270 885 1385 960 deroto
1398 882 1465 956 riai-

244 1000 397 1084 laverint,
412 999 527 1090 ibique
543 1019 604 1092 per
621 1000 757 1092 aliquod
786 1002 949 1094 temporis
965 1001 1112 1093 spatium
1124 1002 1221 1092 juata
1238 1005 1380 1072 mentem
1395 997 1467 1068 San·

244 1113 365 1186 etitatis
381 1112 469 1185 Soae
494 1113 567 1204 pias
592 1112 636 1186 ad
652 1115 759 1188 lionm
777 1132 896 1206 preces
923 1113 1112 1197 effuderint,
1130 1119 1341 1206 peramanter
1356 1115 1404 1184 ret
1418 1108 1469 1180 ina·

243 1225 410 1317 pertitns3
435 1224 521 1300 taeta
545 1226 683 1319 insuper
707 1233 871 1319 potestate
888 1232 958 1300 tam
976 1227 1174 1310 menonem,
1192 1243 1295 1318 quam
1311 1222 1468 1296 Partiaten
1563 1245 1564 1252 ¹

243 1337 488 1428 indulgentiam
514 1338 690 1412 animabus
716 1357 854 1430 qnoque
878 1340 914 1412 in
931 1339 1126 1430 Purgatorio
1150 1337 1296 1412 timentis
1321 1334 1470 1428 appiiean

244 1449 288 1522 di.
314 1449 388 1522 Non
414 1449 623 1524 obstantibus
649 1452 683 1524 in
722 1451 935 1526 eontrarium·
964 1451 1162 1524 iacientibus
1200 1449 1467 1542 quibuscamque.

246 1561 417 1636 Praesenti
442 1562 478 1634 in
502 1569 704 1654 perpetuom
731 1563 871 1637 valituro
897 1563 1027 1654 absque
1042 1562 1111 1636 ntia
1126 1562 1243 1635 Brevis
1260 1559 1468 1653 ermditione.

316 1675 438 1748 batum
463 1675 589 1748 Romae
614 1692 658 1748 ex
675 1676 859 1750 secretaria
875 1676 949 1750 Sae.
966 1674 1241 1769 congregationis
1264 1668 1471 1764 induigentia

245 1803 322 1860 rum
347 1785 404 1860 die
429 1791 477 1860 30
494 1786 702 1881 septembre
721 1791 816 1860 1852

920 1925 956 1999 11.
983 1925 1087 2000 Gaen.
1113 1925 1289 2008 bsoontros
1313 1923 1430 1997 Pnann.

887 2039 929 2112 A.
955 2037 1114 2134 Aroiipr.
1143 2035 1349 2114 Prioziootit'
1373 2031 1471 2110 eost.

774 2231 954 2308 dcxxxi.

726 2403 819 2458 obers
844 2405 887 2457 ΕΤ
912 2403 1006 2459 onels

838 2525 896 2573 SEU

656 2653 784 2706 onotttts
811 2654 1080 2708 cnebccmontnt

321 2781 679 2876 comprabandam
705 2786 738 2858 in
765 2787 913 2864 Ensiesia
938 2785 1122 2860 Universaii
1149 2791 1307 2858 statutam
1334 2799 1476 2878 prospe

247 2893 322 2966 eiaii
348 2894 533 2967 animarum
560 2895 595 2968 in
621 2898 814 2988 Purgatorio
841 2899 1058 2972 existentium
1079 2897 1207 2980 solatio,
1225 2897 1411 2972 humillime
1429 2914 1478 2968 61·

247 3005 415 3099 posuisset
440 3007 478 3079 e.
506 3009 541 3080 P.
568 3009 764 3084 Procurator
797 3007 969 3083 Generalis
1002 3011 1105 3084 totius
1137 3010 1272 3083 Ordinis
1305 3005 1477 3102 Serapbpoi

248 3118 537 3212 Cappneeinornm
562 3121 596 3193 in
622 3141 742 3196 eornm
765 3123 903 3196 Statntie
929 3124 1026 3196 aliam
1053 3141 1130 3196 esse
1155 3123 1244 3196 diem
1267 3123 1475 3216 adsignatam,

248 3229 400 3322 quintam
424 3231 550 3306 scilieet
574 3233 738 3318 octobre,
765 3235 818 3307 ret
843 3253 883 3308 ea
906 3236 1001 3329 juata
1018 3236 1182 3310 sobrinae
1197 3235 1371 3328 impedita,
1386 3247 1477 3308 noan

247 3343 344 3418 aliam
369 3343 454 3418 inira
479 3345 660 3420 Oetidnnm
676 3349 711 3422 S.
728 3347 898 3422 Franeieoi
912 3367 975 3441 pro
992 3347 1320 3422 Commemoratione
1336 3347 1478 3421 onmium

247 3452 290 3530 do
315 3473 434 3528 eornm
458 3454 580 3532 inmitia
606 3457 851 3544 dobrnetornm,
878 3460 912 3533 in
938 3477 1006 3550 qna
1030 3459 1188 3552 speeiaiia
1212 3459 1372 3552 soffiagb
1395 3469 1480 3551 pm

246 3565 363 3642 sertim
387 3566 422 3640 in
447 3566 556 3660 ipsine
578 3569 713 3644 Ordinis
737 3571 897 3646 Eeniosiis
920 3572 1094 3664 Rebgiosis
1111 3571 1276 3647 detonetis
1292 3573 1478 3646 tnbnnntu

248 3683 351 3772 atone
374 3675 464 3754 idem
490 3682 744 3758 sanctissimum
769 3683 951 3758 Dominum
975 3685 1133 3758 Nostrum
1160 3685 1257 3758 Pium
1273 3685 1340 3758 be.
1355 3685 1402 3758 lx
1418 3680 1478 3756 oni·

247 3791 302 3866 xie
326 3793 485 3884 precibus
508 3801 670 3886 rogasset,
695 3801 736 3870 nt
757 3793 802 3870 de
826 3795 1015 3889 bpostotiea
1039 3795 1244 3888 benignitate
1268 3795 1410 3889 praefati
1424 3792 1479 3867 01·

249 3901 337 3977 dinis
362 3906 529 3980 Bedesias
553 3908 663 4001 atiquo
688 3909 825 4002 spaeiab
840 3909 1047 4002 induigentia
1063 3907 1169 3982 ditare
1185 3907 1390 4001 dignaretur,
1407 3907 1479 3978 San·

249 4016 346 4090 ntitas
370 4018 438 4092 Sua
463 4019 628 4094 referente
652 4039 708 4094 me
733 4021 937 4096 Secretmiae
962 4021 1035 4094 Sao
1067 4021 1342 4112 congregatione
1375 4015 1478 4092 indui·

250 4129 437 4220 gentianum
463 4132 649 4208 substituto
675 4133 709 4206 in
734 4133 911 4208 nudantia
927 4134 1040 4208 habita
1054 4133 1109 4206 die
1127 4138 1174 4206 {iti
1191 4133 1401 4226 Septembris
1414 4145 1479 4203 eor

250 4239 355 4316 nentia
379 4242 469 4328 anni,
494 4243 646 4336 6166116111
672 4245 898 4322 Procuratoris
923 4246 1009 4320 votis
1039 4244 1297 4320 clementissime
1324 4241 1477 4336 exeept'm
