3182 4922
790 381 840 406 x-
859 349 939 418 aaa
966 379 1012 396 -

286 485 319 558 in
336 483 579 570 Benedictlone,
597 490 630 558 el
645 483 857 576 impositione
881 484 1020 558 Habitus
1045 497 1084 554 ac
1107 481 1142 554 in
1158 480 1348 574 receptione
1362 479 1402 552 ad
1416 480 1492 554 Can·

284 596 570 672 fraternitatem».
595 597 643 672 lta
669 597 846 688 declaravit
870 599 944 672 Sao.
962 596 1083 690 congr.
1105 594 1160 670 die
1186 599 1231 668 44
1249 593 1388 688 Augusti
1405 599 1495 668 4844.

759 783 762 790 ’
834 750 975 882 nerva.
1012 873 1016 880 ,
1063 831 1066 838 -

789 984 1019 1040 Romulidum.

360 1157 640 1256 Areiiepiccapac
657 1161 939 1255 Rotlomapease's
965 1180 1009 1235 aa
1032 1161 1199 1255 racpoucts
1226 1162 1354 1236 Saurea
1372 1160 1501 1254 Cacum·

288 1276 437 1366 potionis
452 1273 521 1348 diei
546 1277 780 1349 2810000444
809 1280 902 1346 4842
928 1276 1053 1348 iterum
1067 1276 1225 1368 auderit.
1315 1287 1320 1292 ·

366 1386 414 1460 l.⁰
444 1389 563 1460 Utrum
588 1388 826 1481 Iadelpealioe
852 1389 987 1472 locales,
1014 1387 1052 1460 id
1077 1391 1135 1470 est,
1163 1407 1251 1479 quaa
1280 1386 1418 1462 cuidam
1441 1388 1502 1457 laea

288 1500 380 1573 ueri.
407 1519 459 1592 pr.
485 1501 674 1583 4400400400,
700 1501 815 1573 altari
847 1499 1052 1594 affigamur,
1078 1501 1195 1574 callae
1227 1501 1314 1583 sict,
1341 1499 1373 1575 al
1396 1499 1505 1573 audias

286 1613 416 1686 calaris
441 1614 493 1686 ila
516 1618 556 1686 ul
579 1613 711 1707 [rastra
728 1618 935 1686 narrarentur
957 1613 1072 1706 fideles
1088 1614 1168 1686 illes
1194 1609 1503 1704 camaracenorum

288 1739 345 1797 ecs
370 1743 440 1796 moa
459 1726 636 1820 publicari
656 1715 814 1819 permisit
838 1726 930 1798 444400
956 1725 1022 1798 4004
1047 1726 1258 1820 Episcopus?

361 1837 434 1909 Sac.
462 1836 690 1930 congregatio,
718 1836 837 1910 auditis
864 1837 1100 1910 consultorum
1117 1838 1214 1922 votis,
1240 1837 1414 1931 respondit
1435 1834 1507 1906 «Na

288 1949 396 2040 gatlva
421 1948 534 2042 quoad
557 1948 741 2022 nullitalenr
765 1946 1060 2041 indulgentiarum,
1087 1949 1296 2043 expectanda
1321 1957 1432 2022 tamen
1458 1945 1508 2018 erit

286 2060 466 2153 publicatio
482 2060 657 2146 Ordinarii,
682 2067 862 2155 postquam
879 2061 950 2133 illas
967 2062 1207 2153 recognoverit,
1225 2068 1263 2135 ut
1279 2063 1389 2136 sciant
1410 2057 1509 2132 fideles

288 2191 331 2244 an
357 2172 424 2246 sint
447 2172 674 2266 Indulgentiae
700 2173 879 2258 Plenariae‚
897 2173 951 2246 vel
967 2175 1135 2260 Partiales,
1154 2182 1187 2248 ot
1203 2193 1292 2266 quae
1318 2171 1509 2248 conditiones

288 2285 356 2358 sint
381 2285 572 2379 adsignatae
597 2287 640 2360 ad
664 2287 735 2360 illas
761 2287 998 2380 acquirendas3
1025 2294 1059 2362 et
1082 2288 1137 2361 hic
1161 2305 1283 2360 sensus
1310 2292 1364 2361 est
1387 2301 1510 2377 respon·

288 2398 392 2473 sionis
418 2398 514 2474 datae
543 2400 608 2474 sub
634 2399 688 2474 die
714 2405 759 2472 28
789 2401 934 2494 ianuarii
970 2405 1063 2473 4844
1089 2402 1125 2474 40
1149 2419 1216 2474 una
1249 2400 1375 2494 pariter
1399 2394 1509 2470 llatla·

288 2529 424 2604 magam.
450 2532 512 2606 pro
537 2512 753 2605 indulgentiis
768 2513 939 2599 localibus,
957 2514 1095 2588 minime
1113 2532 1191 2588 vero
1217 2512 1439 2608 generalibus,
1458 2525 1509 2580 seu

288 2622 531 2720 personalibus
560 2629 595 2696 ut
620 2625 703 2697 inlra
729 2624 904 2700 dicetur».
1025 2629 1028 2642 '

363 2734 414 2812 2⁰
444 2736 563 2808 liram
578 2736 828 2829 Indulgentiae,
849 2739 1049 2834 priuilegia,
1068 2744 1100 2814 et
1115 2739 1298 2834 facultates
1313 2735 1508 2833 personales,

286 2844 372 2920 idest
397 2865 485 2938 puae
511 2848 617 2922 alicui
636 2869 806 2943 percaeca
826 2853 991 2946 priuatae
1007 2852 1249 2936 concedantar,
1275 2838 1373 2936 corb.
1399 2869 1449 2944 pr.
1465 2847 1509 2920 lc·

289 2957 467 3051 dulgentia
492 2961 598 3034 alicui
616 2981 773 3038 concessa
784 2984 853 3058 pro
871 2967 1018 3042 articulo
1044 2966 1186 3055 mortim
1212 2963 1393 3038 lacunam
1409 2976 1512 3056 perut-

287 3072 368 3145 cote
380 3072 511 3146 attaris
523 3075 761 3166 Punctaque]
775 3077 924 3171 [acuitas
942 3077 1161 3153 benedicendi
1178 3079 1355 3152 00400004
1373 3074 1469 3148 ull.
1485 3068 1512 3141 l'·

288 3200 366 3258 cum
391 3185 623 3279 applicatione
648 3187 947 3282 indulgentiarum
963 3191 1031 3264 siat
1043 3191 1180 3285 pariter
1203 3189 1336 3273 cellae,
1355 3192 1389 3264 et
1403 3183 1513 3260 0044440

288 3296 430 3382 calaris,
454 3298 624 3390 quamdiu
647 3301 833 3395 Episcopus
859 3303 925 3379 laci
950 3304 1014 3378 illa
1038 3321 1108 3378 cac
1133 3303 1345 3396 recognocit,
1361 3291 1397 3374 at
1413 3309 1514 3374 aaut·

290 3407 376 3482 44004
400 3409 566 3484 muudum·
590 3429 659 3500 coc
679 3414 863 3506 permisit?

281 3543 284 3550 ·
362 3519 438 3596 Suc.
462 3520 681 3616 congregatio
707 3524 880 3619 respondit
904 3523 1086 3620 «Negatlue
1099 3555 1135 3602 ».

281 3667 285 3676 ·
364 3629 415 3703 3.⁰
444 3632 564 3706 Utrum
588 3633 853 3729 ,indulgentiam
882 3657 968 3732 quas
998 3640 1131 3714 Summi
1163 3637 1345 3732 Pontifices
1378 3629 1513 3709 amatu

289 3743 392 3818 404400
419 3745 518 3820 Orbis
547 3745 702 3842 fidelibus
733 3767 921 3832 0000000040
947 3755 985 3826 ia
1009 3754 1138 3835 Ballio,
1165 3771 1225 3828 sac
1249 3749 1436 3844 descriptis
1451 3745 1513 3835 jud

285 3858 481 3952 publicatis,
508 3865 540 3932 et
566 3862 609 3934 ab
643 3865 841 3939 auctoribus
872 3867 1122 3960 probatissimis
1148 3865 1280 3946 citatis,
1305 3865 1380 3936 0404
1402 3857 1514 3932 collat,
1569 3957 1570 3964 Ν

289 3973 320 4042 04
345 3972 472 4044 catilius
497 3974 638 4056 calaris,
665 3977 716 4049 440
742 3983 779 4050 ut
805 3981 885 4052 illoc
907 3979 1023 4073 fidelos
1040 3979 1173 4050 lucrari
1198 3996 1267 4049 aaa
1292 3977 1448 4052 ualeant,
1462 3961 1515 4039 4444

289 4086 393 4154 00400
419 4085 462 4156 ab
488 4085 682 4162 ordinariis
701 4091 854 4164 locorum
872 4091 908 4163 40
924 4091 993 4162 sals
1010 4089 1204 4182 respectiuis
1220 4086 1439 4162 Diceaestaas
1451 4093 1517 4171 pru

289 4195 465 4284 mulpataa
489 4196 641 4289 suerint?

362 4303 434 4378 Soc.
461 4302 681 4401 Congregatio
707 4314 880 4410 respondit
904 4313 1133 4408 «Negalite».
