3270 4920
1263 355 1337 426 ,166

686 492 802 566 xcix.

117 671 325 747 cumeram
344 669 479 734 omniura
499 673 527 734 ‘ct
546 668 735 750 eloquiorum
754 667 1013 751 locutqauriaruu
1025 685 1101 750 quoa
1114 665 1368 751 Arabicoalrotar·

200 781 291 850 riori
311 777 495 846 Suocrisurui
513 777 697 843 8661666611
710 776 742 840 ia
755 777 885 842 Ecclesia
905 777 934 844 S.
954 777 1071 844 Metios
1089 794 1183 860 supro
1202 776 1369 845 Mineruam

197 890 238 963 ala
260 888 340 956 llrbe
359 885 497 954 cocooica
523 891 636 952 erectos
655 902 674 952 o
694 873 823 952 sommo
848 885 1040 969 Pontificibus
1060 891 1095 950 ui
1113 883 1198 969 iusso
1217 901 1368 951 cosmam

198 1008 286 1077 ml.

371 1197 375 1208 ,
478 1129 619 1197 APoulo
645 1129 902 1198 Villoocrubris
922 1130 1010 1198 1666
1054 1075 1059 1086 ⁸

200 1258 249 1328 l.⁰
268 1255 463 1340 meantia
476 1255 614 1320 Pleuaria
629 1255 813 1336 cuicumque
836 1271 875 1319 ex
895 1255 1056 1335 utriusque
1076 1271 1168 1320 sexus
1181 1253 1369 1324 cbristiilrle·

122 1353 205 1423 ibus
225 1353 277 1422 dle
296 1369 357 1438 qna
378 1351 509 1442 quisque
540 1351 695 1416 conlessus
717 1366 751 1414 ac
775 1349 807 1416 S.
822 1347 1042 1416 Communionc
1073 1351 1203 1415 tanaus
1223 1350 1370 1432 Sodalitio

121 1464 234 1516 nomen
255 1445 382 1516 cacabo

202 1541 249 1606 2⁰
268 1539 462 1622 induigentia
474 1538 612 1606 Plenaria
626 1535 835 1604 confratribus
847 1542 879 1602 et
892 1536 1111 1604 Consororibos
1123 1536 1261 1620 ciusdem
1274 1537 1369 1606 Soda-

119 1637 224 1716 litatis,
238 1635 291 1718 qui
307 1651 376 1700 vere
390 1635 578 1716 poenitentes
603 1633 732 1700 conlossi
747 1639 777 1696 et
790 1631 821 1698 S.
837 1631 1058 1700 communione
1078 1631 1181 1698 relecti
1201 1633 1367 1699 Processio·

120 1732 153 1796 ni
167 1729 357 1797 sanctissimi
373 1727 570 1807 sacramenti,
584 1743 663 1808 quae
680 1727 731 1791 dio
750 1731 854 1793 octava
875 1725 1074 1794 solemnitatis
1092 1727 1234 1810 corporis
1246 1727 1370 1794 Domini

118 1825 224 1908 peragi
245 1824 321 1889 solet
341 1823 470 1904 singulis
490 1822 588 1901 annis,
610 1821 811 1887 interluerint.
834 1821 974 1902 illudque
995 1823 1220 1902 associaverint,
1247 1829 1369 1887 orantes

110 1938 176 2003 .pro
197 1925 315 2001 peccet
329 1917 571 1983 christianorum
593 1916 770 1998 Principum
790 1917 963 1996 concordia,
989 1917 1148 1982 haeresum
1167 1913 1370 2001 extir'paiioue

120 2031 157 2080 ac
179 2014 210 2080 S.
232 2014 336 2078 blattis
356 2011 508 2078 Ecclesiae
529 2011 721 2076 exaltatione.

204 2109 285 2173 llaec
311 2107 502 2189 indulgentia
529 2106 588 2170 luit
614 2105 724 2170 deinde
752 2106 790 2170 ab
818 2105 995 2172 innocentio
1018 2106 1078 2178 ,Xii
1106 2105 1216 2172 die-27
1242 2105 1368 2174 Noram·

41 2269 48 2284 ,
123 2204 188 2269 bris
211 2202 289 2268 1691
311 2203 349 2266 66
369 2203 476 2267 leriam
495 2207 613 2266 sextam
633 2207 701 2282 post
721 2199 862 2285 6666666
882 2200 1004 2266 Domini
1025 2201 1246 2268 solemnitatem
1268 2203 1370 2268 imme

121 2299 222 2364 dietae
242 2301 419 2379 sequentem
442 2294 594 2360 translata.
1039 2299 1041 2302 ·

204 2391 250 2457 3.⁰
270 2391 417 2457 camdem
446 2389 670 2470 indulgentiam
691 2388 836 2470 consequi
864 2393 990 2470 possum
1012 2405 1121 2454 ‘omnes
1148 2389 1319 2454 contraires
1338 2395 1371 2454 ct

121 2489 322 2569 Consororcs‚
343 2487 397 2567 qui
408 2485 553 2566 'legitimo
567 2483 704 2566 impediti
719 2484 904 2566 praedictam
922 2484 1148 2548 Processionem
1168 2483 1305 2548 comitari
1320 2501 1369 2548 ne

121 2582 288 2664 quiverint,
309 2579 474 2646 dummodo
497 2586 597 2643 lamen
614 2579 885 2660 rerepoeniicntes
905 2579 1033 2642 contessi
1052 2584 1083 2642 et
1096 2577 1127 2642 S.
1149 2577 1369 2644 cnmmnnione

119 2675 226 2742 relecti
248 2675 371 2754 luerint,
391 2680 422 2740 et
442 2679 477 2738 ut
497 2689 587 2754 supra
608 2672 769 2739 oraverint.

204 2770 250 2834 l.⁰
271 2769 463 2850 indulgentia
484 2768 621 2832 Plenaria
642 2766 1268 2848 6661666616166666666661τί66661
1290 2767 1367 2832 cou-

118 2866 288 2946 sororibus,
309 2865 363 2948 qui
384 2863 514 2930 conlessi
534 2869 565 2927 et
585 2863 616 2928 S.
637 2861 858 2928 Communione
880 2863 984 2928 relecti
1004 2879 1040 2928 ac
1060 2863 1091 2928 io
1114 2865 1220 2929 mortis
1240 2861 1368 2928 articulo

118 2963 279 3028 constituti
300 2961 532 3026 sanctissimum
551 2959 624 3023 lesu
644 2959 761 3024 Nomen
786 2974 849 3037 ore,
862 2959 887 3021 si
903 2958 1066 3041 potuerint,
1080 2959 1127 3022 sio
1152 2960 1255 3024 miuus
1278 2959 1369 3024 corde

117 3057 227 3121 saltem
247 3055 462 3119 invocaverint.

202 3151 248 3215 li.⁰
268 3150 461 3230 induigentia
489 3154 605 3232 septem
626 3163 777 3226 annorum
798 3147 985 3230 totidemque
1004 3148 1269 3230 quadragenarum
1289 3148 1367 3215 cnu-

119 3245 266 3312 lratribus
286 3251 317 3309 et
339 3243 568 3322 consororibus,
582 3241 635 3324 qui
650 3257 719 3306 vere
739 3243 927 3326 poenitentes
940 3247 972 3306 et
984 3243 1114 3310 conlessi
1134 3243 1368 3310 sanctissimum

117 3340 330 3407 Eucharistiae
357 3339 588 3406 Sacramentum
608 3339 640 3414 in
662 3339 737 3402 lesto
750 3336 899 3420 ,corporis
919 3338 1040 3404 Domini
1061 3333 1261 3422 sumpserint,
1280 3344 1312 3404 et
1332 3345 1367 3404 ut

117 3453 213 3520 supra
233 3435 394 3501 oraverint.
1107 3433 1111 3444 '
1185 3491 1192 3503 .

203 3529 249 3596 6.⁰
269 3529 462 3612 indulgentia
483 3534 606 3594 contum
627 3527 746 3593 dierum
767 3526 896 3609 singulis
917 3525 1124 3595 conlratribus
1143 3533 1175 3594 et
1194 3526 1367 3596 Doasorori·

118 3629 181 3694 bns
202 3617 453 3707 quoiuscumque
474 3623 591 3689 Divinis
618 3622 731 3689 Officiis
751 3628 783 3688 et
801 3621 975 3688 Sorlalltatls
1001 3621 1248 3692 processionibus
1274 3624 1366 3690 inter·

120 3721 246 3789 luerint.
340 3751 343 3758 .

127 3857 129 3862 .
203 3816 249 3882 l.⁰
268 3813 461 3896 indulgentia
474 3818 598 3878 centum
614 3813 732 3880 diarum
751 3811 958 3881 confratribus
971 3819 1002 3879 et
1015 3811 1234 3880 consororibus
1247 3813 1280 3880 in
1294 3831 1365 3897 qna

119 3912 197 3979 libat
216 3911 290 3976 ieria
309 3915 394 3975 sexta
416 3908 508 3974 totius
528 3908 611 3989 anni,
633 3907 824 3974 visitantibus
843 3904 1010 3976 Ecclesiam
1030 3910 1061 3975 io
1082 3925 1143 3991 qua
1164 3907 1366 3976 conlraterei·

118 4007 201 4072 nitas
221 4005 371 4087 reperitur
392 4008 499 4068 crecta.

202 4099 249 4164 S.⁰
269 4098 460 4179 indulgentia
486 4100 613 4162 contum
636 4095 755 4161 dierum
782 4095 991 4164 Goniratribus
1011 4101 1041 4162 et
1064 4095 1284 4164 consororibus
1310 4099 1364 4180 qul

119 4197 230 4262 saltem
250 4193 439 4277 poenitentes
458 4195 490 4256 et
509 4189 648 4269 conlassi,
668 4191 894 4258 Processionem
913 4191 987 4257 levia
1008 4191 1113 4274 quinta
1135 4191 1167 4255 in
1189 4190 1288 4258 coena
1308 4193 1365 4258 Do

118 4291 197 4358 mini
218 4287 423 4374 peragendam
442 4285 575 4352 comitati
596 4285 717 4352 luerint
