3120 4924
796 359 843 376 -
870 327 942 396 230
968 357 1015 378 -·

806 519 1003 602 ccxcviii

777 679 1025 738 Tusculani

361 801 445 877 Cum
472 801 709 876 sanctissimus
733 802 896 877 Dominus
920 769 1041 878 Noster
1065 797 1220 873 Clemens
1236 796 1299 871 Pl‘.
1316 795 1388 870 lilii
1403 793 1497 868 indui·

286 918 432 1008 gentiam
445 917 629 992 plenariam
646 922 842 1010 perpetuam
859 917 894 989 in
910 917 1009 989 Festo
1024 915 1203 987 maurum
1219 909 1406 1003 Principum
1421 908 1497 1002 dpo

286 1029 447 1102 stolorum
473 1030 560 1104 Petri
586 1037 619 1103 ei
644 1030 735 1103 Pauli
754 1049 815 1123 pro
830 1029 1001 1102 Universis
1019 1026 1208 1100 Pontificias
1224 1022 1382 1098 Dictionis
1397 1021 1498 1094 datie

285 1141 431 1216 draiihus
457 1143 615 1216 Ecclesiis
641 1142 684 1215 ad
708 1144 860 1236 ipsorum
887 1141 1085 1216 memoriam
1101 1139 1289 1232 religiosius
1306 1133 1498 1210 recolendam

285 1256 509 1347 concesserit;
536 1257 690 1349 dumque
713 1255 804 1330 idem
829 1255 953 1330 iestum
978 1255 1013 1328 in
1031 1254 1218 1327 Tusculana
1243 1249 1427 1326 cathedrali
1447 1245 1497 1320 ilc

284 1369 385 1441 clesia
412 1369 581 1442 [lominica
606 1370 690 1442 inira
715 1370 883 1454 Octavam,
910 1367 1108 1443 eorumdem
1133 1366 1404 1440 Beatissimorum
1419 1361 1498 1435 Prin·

284 1481 397 1574 cipum
429 1480 665 1574 Apostolorum
698 1482 907 1572 celebretur3
932 1481 1013 1553 nino
1044 1479 1208 1553 Sanctitas
1237 1479 1309 1551 Sua
1334 1475 1377 1550 ad
1398 1489 1499 1569 preces

286 1591 497 1666 celsitudinis
516 1595 639 1688 Regiae
655 1594 946 1667 Eminentissimae
969 1593 1103 1666 Henrici
1123 1590 1293 1667 Benedicti
1306 1588 1402 1663 eard.
1414 1585 1498 1659 nuris

282 1703 505 1780 Eboracensis
529 1707 686 1801 Episcopi
702 1707 881 1780 tusculani
900 1707 1054 1780 eamdem
1071 1705 1257 1780 Pienariam
1274 1700 1500 1794 indulgentiam

280 1817 453 1910 perpetuis
477 1815 598 1892 futuris
624 1820 833 1914 temporibus
858 1819 1032 1892 valituram
1058 1837 1121 1911 pro
1146 1817 1234 1891 dicta
1250 1813 1435 1890 cathedrali
1448 1811 1499 1885 iic·

282 1928 382 2002 clesia
407 1931 593 2005 Tusculana
619 1931 662 2005 ad
687 1932 868 2026 praelatam
894 1931 1102 2004 dominicam
1127 1931 1213 2004 inira
1238 1932 1398 2004 Octavam
1425 1926 1501 2017 ejus·

282 2039 360 2114 dem
385 2041 461 2116 iesti
494 2045 676 2120 clementer
709 2043 875 2128 extendit,
903 2050 1003 2135 atque
1029 2043 1186 2117 omnibus
1212 2043 1389 2134 utriusque
1413 2052 1501 2112 serm

280 2152 558 2230 christifidelibus
584 2157 740 2249 quivere
756 2157 977 2250 poenitentes,
996 2155 1142 2228 coniessi
1159 2173 1198 2227 ac
1214 2155 1252 2227 S.
1274 2150 1501 2227 communione

279 2265 394 2340 reiecti
409 2269 591 2361 praelatam
607 2270 762 2363 propriae
779 2268 950 2342 Dioecesis
968 2267 1200 2342 Cathedralem
1218 2267 1405 2340 Ecclesiam
1422 2260 1502 2355 apri·

281 2379 347 2451 mis
373 2383 523 2474 vesperis
548 2401 659 2476 usque
676 2382 719 2455 ad
735 2399 893 2456 occasum
909 2381 989 2454 solis
1006 2380 1159 2475 ejusdem
1176 2381 1372 2454 dominicae
1399 2377 1502 2451 devote

281 2492 497 2580 visitaverint,
524 2494 638 2589 ibique
663 2515 724 2589 per
749 2494 885 2587 alquod
911 2495 1070 2587 temporis
1087 2493 1232 2587 spatium
1250 2495 1350 2588 juxta
1370 2495 1502 2565 mentem

280 2603 469 2678 Sanctitatis
483 2607 571 2680 Suae
590 2608 644 2699 pie
661 2609 828 2682 oraverint
844 2607 1037 2682 lucrandam
1055 2608 1231 2696 concessit,
1250 2613 1354 2700 atque
1372 2599 1501 2678 indulsit.

352 2718 473 2792 linium
501 2737 545 2792 err
570 2721 756 2796 secretaria
774 2721 847 2797 Sao.
866 2721 1140 2815 Congregationis
1157 2721 1442 2814 indulgentiarum
1459 2711 1503 2787 die

282 2832 327 2900 ie
352 2829 441 2904 iunii
471 2835 576 2906 itui.

1048 2934 1082 3006 S.
1110 2931 1241 3026 Borpio
1267 2933 1395 3008 secret

810 3129 979 3206 ccxcix,

352 3263 405 3336 dd
428 3265 631 3340 humillimas
655 3287 773 3362 preces
799 3270 903 3344 (indii
919 3269 1002 3343 iloni
1019 3267 1294 3361 congregationis
1312 3267 1502 3344 clericorum

277 3375 491 3468 liegularium
517 3381 629 3454 liairis
654 3383 714 3456 liei
740 3383 967 3457 procuratoris
993 3379 1165 3456 Generalis
1190 3382 1431 3456 Sanctissimae
1452 3377 1503 3450 iio

276 3489 389 3562 minus
404 3491 524 3566 Noster
536 3493 691 3568 Clemens
709 3497 770 3570 PP.
788 3499 864 3569 lilii
880 3497 1026 3588 benigne
1042 3494 1229 3580 inclinatus,
1246 3493 1417 3570 universis
1433 3489 1501 3566 utri·

276 3619 388 3694 usqrre
421 3621 524 3677 serus
557 3605 854 3694 christifidelibus
875 3610 941 3701 ‘qui
967 3625 1047 3682 vere
1072 3607 1284 3704 poenitentes
1314 3605 1458 3682 contessi
1478 3605 1505 3674 ei

274 3714 310 3786 S.
338 3713 582 3792 communione
607 3720 720 3794 reiecti
746 3723 891 3814 aliquam
917 3721 1084 3814 praelatae
1110 3720 1388 3813 congregationis
1404 3715 1503 3792 iiccie·

274 3826 360 3900 siam
375 3826 581 3924 ubicumque
594 3832 742 3906 incorum
761 3835 962 3908 existentem
979 3834 1098 3920 diebus
1128 3832 1220 3907 iestis
1236 3827 1504 3908 annunciationis

275 3942 309 4011 et
333 3937 581 4036 Assumpiionis
606 3945 642 4017 B.
668 3947 712 4020 il.
739 3943 779 4020 ti.
808 3967 826 4019 a
852 3948 969 4041 primis
994 3945 1145 4039 vesperis
1168 3963 1278 4038 usque
1295 3947 1341 4021 ad
1358 3957 1504 4021 occasum

274 4051 354 4124 solis
368 4055 562 4129 earumdem
589 4056 804 4132 iestiviiatum
824 4057 1171 4144 devotevisitaverint,
1186 4058 1301 4150 ibique
1311 4061 1412 4152 juria
1424 4073 1505 4132 men·

272 4167 342 4236 tem
367 4167 556 4241 sanctitatis
581 4170 669 4244 Suae
694 4172 767 4264 pias
794 4171 838 4246 ad
862 4175 970 4246 mum
995 4189 1113 4265 preces
1130 4171 1319 4270 effuderint
1338 4171 1506 4264 indulgen·

270 4273 350 4348 tiam
376 4279 563 4356 Pienariam
589 4285 765 4358 concessit.
790 4285 971 4382 voluitque
988 4284 1114 4362 Eadem
1131 4282 1294 4360 Sanctitas
1312 4286 1383 4360 Sua
1401 4283 1504 4378 hujus·
