<?xml version="1.0" encoding="UTF-8"?>
<!DOCTYPE html PUBLIC "-//W3C//DTD XHTML 1.0 Transitional//EN"
    "http://www.w3.org/TR/xhtml1/DTD/xhtml1-transitional.dtd">
<html xmlns="http://www.w3.org/1999/xhtml" xml:lang="en" lang="en">
 <head>
  <title>
</title>
<meta http-equiv="Content-Type" content="text/html;charset=utf-8" />
  <meta name='ocr-system' content='tesseract 3.04.00' />
  <meta name='ocr-capabilities' content='ocr_page ocr_carea ocr_par ocr_line ocrx_word'/>
</head>
<body>
  <div class='ocr_page' id='page_1' title='image "./resolutionesseu00pringoog_0051.png"; bbox 0 0 3214 4928; ppageno 0'>
   <div class='ocr_carea' id='block_1_1' title="bbox 773 351 965 417">
    <p class='ocr_par' dir='ltr' id='par_1_1' title="bbox 773 351 965 417">
     <span class='ocr_line' id='line_1_1' title="bbox 773 351 965 417; baseline 0.01 -19"><span class='ocrx_word' id='word_1_1' title='bbox 773 351 965 417; x_wconf 67' lang='lat'>..33-</span> 
     </span>
    </p>
   </div>
   <div class='ocr_carea' id='block_1_2' title="bbox 251 487 1501 4303">
    <p class='ocr_par' dir='ltr' id='par_1_2' title="bbox 251 487 1488 1128">
     <span class='ocr_line' id='line_1_2' title="bbox 252 487 1484 584; baseline 0.003 -22"><span class='ocrx_word' id='word_1_2' title='bbox 252 489 363 562; x_wconf 78' lang='lat' dir='ltr'><strong>Aitare</strong></span> <span class='ocrx_word' id='word_1_3' title='bbox 395 487 639 579; x_wconf 83' lang='lat' dir='ltr'><strong>privilegiatum</strong></span> <span class='ocrx_word' id='word_1_4' title='bbox 672 505 733 578; x_wconf 84' lang='lat' dir='ltr'><strong>pro</strong></span> <span class='ocrx_word' id='word_1_5' title='bbox 765 504 832 557; x_wconf 88' lang='lat' dir='ltr'><strong>una</strong></span> <span class='ocrx_word' id='word_1_6' title='bbox 866 487 919 558; x_wconf 88' lang='lat' dir='ltr'><strong>vel</strong></span> <span class='ocrx_word' id='word_1_7' title='bbox 950 487 1103 578; x_wconf 88' lang='lat' dir='ltr'><strong>pluribus</strong></span> <span class='ocrx_word' id='word_1_8' title='bbox 1132 489 1236 561; x_wconf 84' lang='lat' dir='ltr'><strong>Feriis</strong></span> <span class='ocrx_word' id='word_1_9' title='bbox 1268 507 1347 564; x_wconf 90' lang='lat' dir='ltr'><strong>oum</strong></span> <span class='ocrx_word' id='word_1_10' title='bbox 1372 493 1484 584; x_wconf 85' lang='lat' dir='ltr'><strong>atiquo</strong></span> 
     </span>
     <span class='ocr_line' id='line_1_3' title="bbox 251 596 1486 691; baseline 0.004 -18"><span class='ocrx_word' id='word_1_11' title='bbox 251 600 471 674; x_wconf 82' lang='lat' dir='ltr'><strong>determinato</strong></span> <span class='ocrx_word' id='word_1_12' title='bbox 497 618 637 672; x_wconf 89' lang='lat' dir='ltr'><strong>numero</strong></span> <span class='ocrx_word' id='word_1_13' title='bbox 662 599 839 672; x_wconf 81' lang='lat' dir='ltr'><strong>Missurum</strong></span> <span class='ocrx_word' id='word_1_14' title='bbox 865 596 908 670; x_wconf 85' lang='lat' dir='ltr'><strong>ad</strong></span> <span class='ocrx_word' id='word_1_15' title='bbox 932 599 1145 691; x_wconf 73' lang='lat' dir='ltr'><strong>septennium</strong></span> <span class='ocrx_word' id='word_1_16' title='bbox 1168 618 1231 674; x_wconf 91' lang='lat' dir='ltr'><strong>seu</strong></span> <span class='ocrx_word' id='word_1_17' title='bbox 1247 602 1290 673; x_wconf 89' lang='lat' dir='ltr'><strong>ad</strong></span> <span class='ocrx_word' id='word_1_18' title='bbox 1306 603 1396 676; x_wconf 81' lang='lat' dir='ltr'><strong>abuti</strong></span> <span class='ocrx_word' id='word_1_19' title='bbox 1411 606 1486 678; x_wconf 88' lang='lat' dir='ltr'><strong>lon-</strong></span> 
     </span>
     <span class='ocr_line' id='line_1_4' title="bbox 251 711 1487 806; baseline 0.002 -19"><span class='ocrx_word' id='word_1_20' title='bbox 251 713 327 806; x_wconf 90' lang='lat' dir='ltr'><strong>gius</strong></span> <span class='ocrx_word' id='word_1_21' title='bbox 352 719 486 804; x_wconf 88' lang='lat' dir='ltr'><strong>tempus</strong></span> <span class='ocrx_word' id='word_1_22' title='bbox 502 712 654 784; x_wconf 88' lang='lat' dir='ltr'><strong>noudum</strong></span> <span class='ocrx_word' id='word_1_23' title='bbox 670 711 783 782; x_wconf 85' lang='lat' dir='ltr'><strong>iorsen</strong></span> <span class='ocrx_word' id='word_1_24' title='bbox 800 711 962 802; x_wconf 85' lang='lat' dir='ltr'><strong>elapsum,</strong></span> <span class='ocrx_word' id='word_1_25' title='bbox 985 712 1150 803; x_wconf 88' lang='lat' dir='ltr'><strong>reperitur</strong></span> <span class='ocrx_word' id='word_1_26' title='bbox 1174 729 1385 799; x_wconf 87' lang='lat' dir='ltr'><strong>concessum,</strong></span> <span class='ocrx_word' id='word_1_27' title='bbox 1404 717 1487 790; x_wconf 85' lang='lat' dir='ltr'><strong>San·</strong></span> 
     </span>
     <span class='ocr_line' id='line_1_5' title="bbox 252 822 1488 921; baseline 0.002 -21"><span class='ocrx_word' id='word_1_28' title='bbox 252 828 347 900; x_wconf 85' lang='lat' dir='ltr'><strong>ctites</strong></span> <span class='ocrx_word' id='word_1_29' title='bbox 373 826 450 910; x_wconf 81' lang='lat' dir='ltr'><strong>Sua,</strong></span> <span class='ocrx_word' id='word_1_30' title='bbox 477 825 612 918; x_wconf 81' lang='lat' dir='ltr'><strong>praevia</strong></span> <span class='ocrx_word' id='word_1_31' title='bbox 636 822 769 897; x_wconf 89' lang='lat' dir='ltr'><strong>illorum</strong></span> <span class='ocrx_word' id='word_1_32' title='bbox 794 825 1023 908; x_wconf 80' lang='lat' dir='ltr'><strong>revocatione,</strong></span> <span class='ocrx_word' id='word_1_33' title='bbox 1049 823 1170 898; x_wconf 84' lang='lat' dir='ltr'><strong>eedem</strong></span> <span class='ocrx_word' id='word_1_34' title='bbox 1202 826 1326 900; x_wconf 82' lang='lat' dir='ltr'><strong>Altaria</strong></span> <span class='ocrx_word' id='word_1_35' title='bbox 1354 829 1488 921; x_wconf 79' lang='lat' dir='ltr'><strong>privile-</strong></span> 
     </span>
     <span class='ocr_line' id='line_1_6' title="bbox 251 935 1488 1031; baseline 0.002 -18"><span class='ocrx_word' id='word_1_36' title='bbox 251 940 339 1031; x_wconf 88' lang='lat' dir='ltr'><strong>giata</strong></span> <span class='ocrx_word' id='word_1_37' title='bbox 363 937 476 1012; x_wconf 86' lang='lat' dir='ltr'><strong>bonno</strong></span> <span class='ocrx_word' id='word_1_38' title='bbox 501 937 667 1010; x_wconf 76' lang='lat' dir='ltr'>concessit</span> <span class='ocrx_word' id='word_1_39' title='bbox 691 935 727 1010; x_wconf 95' lang='lat' dir='ltr'><strong>in</strong></span> <span class='ocrx_word' id='word_1_40' title='bbox 752 943 953 1029; x_wconf 85' lang='lat' dir='ltr'><strong>perpetuum</strong></span> <span class='ocrx_word' id='word_1_41' title='bbox 978 945 1040 1030; x_wconf 83' lang='lat' dir='ltr'><strong>pro</strong></span> <span class='ocrx_word' id='word_1_42' title='bbox 1064 935 1180 1024; x_wconf 82' lang='lat' dir='ltr'><strong>Feriis,</strong></span> <span class='ocrx_word' id='word_1_43' title='bbox 1198 945 1233 1012; x_wconf 89' lang='lat' dir='ltr'><strong>et</strong></span> <span class='ocrx_word' id='word_1_44' title='bbox 1248 953 1327 1014; x_wconf 86' lang='lat' dir='ltr'><strong>cum</strong></span> <span class='ocrx_word' id='word_1_45' title='bbox 1342 954 1488 1016; x_wconf 87' lang='lat' dir='ltr'><strong>numero</strong></span> 
     </span>
     <span class='ocr_line' id='line_1_7' title="bbox 251 1049 612 1128; baseline -0.017 0"><span class='ocrx_word' id='word_1_46' title='bbox 251 1053 430 1128; x_wconf 82' lang='lat' dir='ltr'><strong>Missurum</strong></span> <span class='ocrx_word' id='word_1_47' title='bbox 455 1057 493 1124; x_wconf 89' lang='lat' dir='ltr'><strong>nt</strong></span> <span class='ocrx_word' id='word_1_48' title='bbox 517 1049 612 1122; x_wconf 85' lang='lat' dir='ltr'><strong>inira.</strong></span> 
     </span>
    </p>

    <p class='ocr_par' dir='ltr' id='par_1_3' title="bbox 251 1162 1500 3509">
     <span class='ocr_line' id='line_1_8' title="bbox 325 1162 1491 1259; baseline 0.003 -22"><span class='ocrx_word' id='word_1_49' title='bbox 325 1166 365 1237; x_wconf 94' lang='lat' dir='ltr'><strong>in</strong></span> <span class='ocrx_word' id='word_1_50' title='bbox 389 1164 546 1237; x_wconf 78' lang='lat' dir='ltr'><strong>Ecclesiis</strong></span> <span class='ocrx_word' id='word_1_51' title='bbox 572 1164 685 1255; x_wconf 88' lang='lat' dir='ltr'><strong>itaque</strong></span> <span class='ocrx_word' id='word_1_52' title='bbox 711 1163 813 1236; x_wconf 90' lang='lat' dir='ltr'><strong>trium</strong></span> <span class='ocrx_word' id='word_1_53' title='bbox 839 1162 1002 1237; x_wconf 81' lang='lat' dir='ltr'><strong>ordinum</strong></span> <span class='ocrx_word' id='word_1_54' title='bbox 1028 1163 1271 1256; x_wconf 78' lang='lat' dir='ltr'><strong>praemiorum,</strong></span> <span class='ocrx_word' id='word_1_55' title='bbox 1300 1165 1491 1259; x_wconf 90' lang='lat' dir='ltr'><strong>inquibus</strong></span> 
     </span>
     <span class='ocr_line' id='line_1_9' title="bbox 252 1273 1489 1370; baseline 0.001 -17"><span class='ocrx_word' id='word_1_56' title='bbox 252 1293 363 1370; x_wconf 88' lang='lat' dir='ltr'><strong>usque</strong></span> <span class='ocrx_word' id='word_1_57' title='bbox 388 1273 499 1350; x_wconf 83' lang='lat' dir='ltr'><strong>eribno</strong></span> <span class='ocrx_word' id='word_1_58' title='bbox 524 1277 653 1350; x_wconf 89' lang='lat' dir='ltr'><strong>nulium</strong></span> <span class='ocrx_word' id='word_1_59' title='bbox 678 1277 790 1349; x_wconf 83' lang='lat' dir='ltr'><strong>Aitaro</strong></span> <span class='ocrx_word' id='word_1_60' title='bbox 814 1277 989 1369; x_wconf 83' lang='lat' dir='ltr'><strong>privilegio</strong></span> <span class='ocrx_word' id='word_1_61' title='bbox 1006 1276 1200 1351; x_wconf 82' lang='lat' dir='ltr'><strong>occorntorn</strong></span> <span class='ocrx_word' id='word_1_62' title='bbox 1217 1273 1340 1364; x_wconf 82' lang='lat' dir='ltr'><strong>existit,</strong></span> <span class='ocrx_word' id='word_1_63' title='bbox 1357 1281 1489 1354; x_wconf 83' lang='lat' dir='ltr'><strong>sencti-</strong></span> 
     </span>
     <span class='ocr_line' id='line_1_10' title="bbox 253 1389 1492 1486; baseline 0.001 -20"><span class='ocrx_word' id='word_1_64' title='bbox 253 1399 305 1466; x_wconf 80' lang='lat' dir='ltr'><strong>ies</strong></span> <span class='ocrx_word' id='word_1_65' title='bbox 324 1389 393 1465; x_wconf 73' lang='lat' dir='ltr'><strong>bun</strong></span> <span class='ocrx_word' id='word_1_66' title='bbox 409 1390 577 1464; x_wconf 86' lang='lat' dir='ltr'><strong>concessit</strong></span> <span class='ocrx_word' id='word_1_67' title='bbox 591 1390 730 1462; x_wconf 86' lang='lat' dir='ltr'><strong>unicum</strong></span> <span class='ocrx_word' id='word_1_68' title='bbox 746 1395 876 1462; x_wconf 87' lang='lat' dir='ltr'><strong>tentum</strong></span> <span class='ocrx_word' id='word_1_69' title='bbox 894 1389 1005 1463; x_wconf 80' lang='lat' dir='ltr'><strong>bitere</strong></span> <span class='ocrx_word' id='word_1_70' title='bbox 1021 1391 1265 1484; x_wconf 82' lang='lat' dir='ltr'><strong>privilegiatum</strong></span> <span class='ocrx_word' id='word_1_71' title='bbox 1287 1402 1492 1486; x_wconf 76' lang='lat' dir='ltr'><strong>peromnem</strong></span> 
     </span>
     <span class='ocr_line' id='line_1_11' title="bbox 251 1499 1493 1598; baseline 0.001 -20"><span class='ocrx_word' id='word_1_72' title='bbox 251 1507 348 1598; x_wconf 79' lang='lat' dir='ltr'><strong>juxta</strong></span> <span class='ocrx_word' id='word_1_73' title='bbox 372 1499 523 1586; x_wconf 88' lang='lat' dir='ltr'><strong>modurn,</strong></span> <span class='ocrx_word' id='word_1_74' title='bbox 550 1500 712 1574; x_wconf 81' lang='lat' dir='ltr'><strong>videlicet.</strong></span> <span class='ocrx_word' id='word_1_75' title='bbox 739 1503 778 1572; x_wconf 94' lang='lat' dir='ltr'><strong>in</strong></span> <span class='ocrx_word' id='word_1_76' title='bbox 803 1501 960 1574; x_wconf 80' lang='lat' dir='ltr'><strong>beclesiis</strong></span> <span class='ocrx_word' id='word_1_77' title='bbox 977 1503 1130 1575; x_wconf 75' lang='lat' dir='ltr'><strong>Fratrum</strong></span> <span class='ocrx_word' id='word_1_78' title='bbox 1148 1505 1183 1576; x_wconf 88' lang='lat' dir='ltr'><strong>in</strong></span> <span class='ocrx_word' id='word_1_79' title='bbox 1203 1505 1328 1596; x_wconf 88' lang='lat' dir='ltr'><strong>quibus</strong></span> <span class='ocrx_word' id='word_1_80' title='bbox 1346 1511 1493 1597; x_wconf 88' lang='lat' dir='ltr'><strong>quatuor</strong></span> 
     </span>
     <span class='ocr_line' id='line_1_12' title="bbox 255 1611 1494 1713; baseline 0 -21"><span class='ocrx_word' id='word_1_81' title='bbox 255 1618 375 1692; x_wconf 83' lang='lat' dir='ltr'><strong>Missae</strong></span> <span class='ocrx_word' id='word_1_82' title='bbox 401 1614 551 1708; x_wconf 87' lang='lat' dir='ltr'><strong>quotidie</strong></span> <span class='ocrx_word' id='word_1_83' title='bbox 576 1611 798 1698; x_wconf 76' lang='lat' dir='ltr'><strong>celebrantur,</strong></span> <span class='ocrx_word' id='word_1_84' title='bbox 825 1615 991 1688; x_wconf 80' lang='lat' dir='ltr'><strong>concussit</strong></span> <span class='ocrx_word' id='word_1_85' title='bbox 1021 1615 1132 1688; x_wconf 81' lang='lat' dir='ltr'><strong>Altero</strong></span> <span class='ocrx_word' id='word_1_86' title='bbox 1157 1616 1402 1708; x_wconf 82' lang='lat' dir='ltr'><strong>privilegiatum</strong></span> <span class='ocrx_word' id='word_1_87' title='bbox 1427 1635 1494 1713; x_wconf 79' lang='lat' dir='ltr'><strong>pro</strong></span> 
     </span>
     <span class='ocr_line' id='line_1_13' title="bbox 255 1725 1494 1820; baseline 0.002 -16"><span class='ocrx_word' id='word_1_88' title='bbox 255 1729 431 1804; x_wconf 82' lang='lat' dir='ltr'><strong>ammcbus</strong></span> <span class='ocrx_word' id='word_1_89' title='bbox 457 1743 752 1820; x_wconf 89' lang='lat' dir='ltr'><strong>quorumcumque</strong></span> <span class='ocrx_word' id='word_1_90' title='bbox 776 1725 1060 1812; x_wconf 80' lang='lat' dir='ltr'><strong>cbristiurioiium</strong></span> <span class='ocrx_word' id='word_1_91' title='bbox 1088 1747 1175 1820; x_wconf 89' lang='lat' dir='ltr'><strong>quae</strong></span> <span class='ocrx_word' id='word_1_92' title='bbox 1191 1731 1261 1802; x_wconf 88' lang='lat' dir='ltr'><strong>beo</strong></span> <span class='ocrx_word' id='word_1_93' title='bbox 1279 1731 1313 1802; x_wconf 91' lang='lat' dir='ltr'><strong>in</strong></span> <span class='ocrx_word' id='word_1_94' title='bbox 1330 1731 1494 1807; x_wconf 81' lang='lat' dir='ltr'><strong>charitate</strong></span> 
     </span>
     <span class='ocr_line' id='line_1_14' title="bbox 256 1840 1496 1936; baseline 0.002 -20"><span class='ocrx_word' id='word_1_95' title='bbox 256 1845 453 1936; x_wconf 80' lang='lat' dir='ltr'><strong>conjunctae</strong></span> <span class='ocrx_word' id='word_1_96' title='bbox 478 1841 520 1915; x_wconf 90' lang='lat' dir='ltr'><strong>ab</strong></span> <span class='ocrx_word' id='word_1_97' title='bbox 545 1841 610 1914; x_wconf 86' lang='lat' dir='ltr'><strong>bac</strong></span> <span class='ocrx_word' id='word_1_98' title='bbox 634 1842 709 1914; x_wconf 88' lang='lat' dir='ltr'><strong>tuce</strong></span> <span class='ocrx_word' id='word_1_99' title='bbox 733 1841 965 1932; x_wconf 80' lang='lat' dir='ltr'><strong>migraverint,</strong></span> <span class='ocrx_word' id='word_1_100' title='bbox 999 1859 1061 1933; x_wconf 87' lang='lat' dir='ltr'><strong>pro</strong></span> <span class='ocrx_word' id='word_1_101' title='bbox 1092 1859 1161 1914; x_wconf 91' lang='lat' dir='ltr'><strong>una</strong></span> <span class='ocrx_word' id='word_1_102' title='bbox 1190 1840 1285 1915; x_wconf 80' lang='lat' dir='ltr'><strong>Ferte</strong></span> <span class='ocrx_word' id='word_1_103' title='bbox 1314 1841 1496 1936; x_wconf 82' lang='lat' dir='ltr'><strong>cujuslibet</strong></span> 
     </span>
     <span class='ocr_line' id='line_1_15' title="bbox 255 1952 1494 2048; baseline 0.002 -20"><span class='ocrx_word' id='word_1_104' title='bbox 255 1954 505 2030; x_wconf 75' lang='lat' dir='ltr'><strong>Hebdomadas</strong></span> <span class='ocrx_word' id='word_1_105' title='bbox 532 1953 720 2044; x_wconf 88' lang='lat' dir='ltr'><strong>inquibus</strong></span> <span class='ocrx_word' id='word_1_106' title='bbox 745 1952 864 2026; x_wconf 82' lang='lat' dir='ltr'><strong>decem</strong></span> <span class='ocrx_word' id='word_1_107' title='bbox 893 1954 1026 2037; x_wconf 88' lang='lat' dir='ltr'><strong>Missae,</strong></span> <span class='ocrx_word' id='word_1_108' title='bbox 1057 1969 1118 2046; x_wconf 90' lang='lat' dir='ltr'><strong>pro</strong></span> <span class='ocrx_word' id='word_1_109' title='bbox 1144 1953 1275 2028; x_wconf 88' lang='lat' dir='ltr'><strong>duabus</strong></span> <span class='ocrx_word' id='word_1_110' title='bbox 1305 1954 1428 2048; x_wconf 77' lang='lat' dir='ltr'><strong>Feriis3</strong></span> <span class='ocrx_word' id='word_1_111' title='bbox 1454 1958 1494 2032; x_wconf 89' lang='lat' dir='ltr'><strong>in</strong></span> 
     </span>
     <span class='ocr_line' id='line_1_16' title="bbox 258 2065 1494 2162; baseline 0.002 -21"><span class='ocrx_word' id='word_1_112' title='bbox 258 2069 382 2161; x_wconf 88' lang='lat' dir='ltr'><strong>quibus</strong></span> <span class='ocrx_word' id='word_1_113' title='bbox 408 2066 618 2158; x_wconf 84' lang='lat' dir='ltr'><strong>quindecim,</strong></span> <span class='ocrx_word' id='word_1_114' title='bbox 644 2083 706 2159; x_wconf 87' lang='lat' dir='ltr'><strong>pro</strong></span> <span class='ocrx_word' id='word_1_115' title='bbox 739 2066 857 2138; x_wconf 89' lang='lat' dir='ltr'><strong>tribus.</strong></span> <span class='ocrx_word' id='word_1_116' title='bbox 891 2067 929 2138; x_wconf 94' lang='lat' dir='ltr'><strong>in</strong></span> <span class='ocrx_word' id='word_1_117' title='bbox 958 2065 1083 2157; x_wconf 90' lang='lat' dir='ltr'><strong>quibus</strong></span> <span class='ocrx_word' id='word_1_118' title='bbox 1115 2067 1402 2160; x_wconf 78' lang='lat' dir='ltr'><strong>vigintiquinque,</strong></span> <span class='ocrx_word' id='word_1_119' title='bbox 1427 2089 1494 2162; x_wconf 87' lang='lat' dir='ltr'><strong>pro</strong></span> 
     </span>
     <span class='ocr_line' id='line_1_17' title="bbox 258 2179 1496 2273; baseline 0.001 -19"><span class='ocrx_word' id='word_1_120' title='bbox 258 2182 411 2273; x_wconf 88' lang='lat' dir='ltr'><strong>quinque</strong></span> <span class='ocrx_word' id='word_1_121' title='bbox 435 2179 549 2253; x_wconf 85' lang='lat' dir='ltr'><strong>Feriis.</strong></span> <span class='ocrx_word' id='word_1_122' title='bbox 576 2180 618 2252; x_wconf 86' lang='lat' dir='ltr'><strong>Et</strong></span> <span class='ocrx_word' id='word_1_123' title='bbox 641 2179 677 2250; x_wconf 89' lang='lat' dir='ltr'><strong>in</strong></span> <span class='ocrx_word' id='word_1_124' title='bbox 708 2179 831 2270; x_wconf 89' lang='lat' dir='ltr'><strong>quibus</strong></span> <span class='ocrx_word' id='word_1_125' title='bbox 863 2179 1149 2272; x_wconf 82' lang='lat' dir='ltr'><strong>trigintaquinque</strong></span> <span class='ocrx_word' id='word_1_126' title='bbox 1183 2183 1349 2254; x_wconf 88' lang='lat' dir='ltr'><strong>concessit</strong></span> <span class='ocrx_word' id='word_1_127' title='bbox 1380 2181 1496 2256; x_wconf 88' lang='lat' dir='ltr'><strong>iibere</strong></span> 
     </span>
     <span class='ocr_line' id='line_1_18' title="bbox 257 2290 1496 2388; baseline 0.002 -23"><span class='ocrx_word' id='word_1_128' title='bbox 257 2290 502 2388; x_wconf 78' lang='lat' dir='ltr'><strong>privilegiatum</strong></span> <span class='ocrx_word' id='word_1_129' title='bbox 528 2291 772 2384; x_wconf 80' lang='lat' dir='ltr'><strong>quotidianum.</strong></span> <span class='ocrx_word' id='word_1_130' title='bbox 806 2293 844 2364; x_wconf 91' lang='lat' dir='ltr'><strong>in</strong></span> <span class='ocrx_word' id='word_1_131' title='bbox 868 2292 1026 2364; x_wconf 83' lang='lat' dir='ltr'><strong>Ecclesiis</strong></span> <span class='ocrx_word' id='word_1_132' title='bbox 1058 2309 1140 2364; x_wconf 88' lang='lat' dir='ltr'><strong>vero</strong></span> <span class='ocrx_word' id='word_1_133' title='bbox 1172 2292 1244 2365; x_wconf 90' lang='lat' dir='ltr'><strong>sitis</strong></span> <span class='ocrx_word' id='word_1_134' title='bbox 1277 2294 1496 2386; x_wconf 85' lang='lat' dir='ltr'><strong>inpartibus</strong></span> 
     </span>
     <span class='ocr_line' id='line_1_19' title="bbox 258 2403 1495 2500; baseline 0.002 -22"><span class='ocrx_word' id='word_1_135' title='bbox 258 2404 457 2489; x_wconf 83' lang='lat' dir='ltr'><strong>infidelium,</strong></span> <span class='ocrx_word' id='word_1_136' title='bbox 485 2405 538 2478; x_wconf 86' lang='lat' dir='ltr'><strong>vei</strong></span> <span class='ocrx_word' id='word_1_137' title='bbox 563 2405 825 2488; x_wconf 85' lang='lat' dir='ltr'><strong>Haereticorum,</strong></span> <span class='ocrx_word' id='word_1_138' title='bbox 852 2405 1018 2478; x_wconf 88' lang='lat' dir='ltr'><strong>concessit</strong></span> <span class='ocrx_word' id='word_1_139' title='bbox 1042 2403 1153 2478; x_wconf 78' lang='lat' dir='ltr'><strong>bitere</strong></span> <span class='ocrx_word' id='word_1_140' title='bbox 1183 2405 1334 2479; x_wconf 83' lang='lat' dir='ltr'><strong>similiter</strong></span> <span class='ocrx_word' id='word_1_141' title='bbox 1358 2408 1495 2500; x_wconf 84' lang='lat' dir='ltr'><strong>privile-</strong></span> 
     </span>
     <span class='ocr_line' id='line_1_20' title="bbox 259 2517 1498 2613; baseline 0.003 -24"><span class='ocrx_word' id='word_1_142' title='bbox 259 2519 387 2610; x_wconf 86' lang='lat' dir='ltr'><strong>giatum</strong></span> <span class='ocrx_word' id='word_1_143' title='bbox 410 2525 613 2610; x_wconf 87' lang='lat' dir='ltr'><strong>perpetuum</strong></span> <span class='ocrx_word' id='word_1_144' title='bbox 646 2519 776 2608; x_wconf 88' lang='lat' dir='ltr'><strong>absque</strong></span> <span class='ocrx_word' id='word_1_145' title='bbox 809 2517 1028 2610; x_wconf 83' lang='lat' dir='ltr'><strong>expressione</strong></span> <span class='ocrx_word' id='word_1_146' title='bbox 1060 2518 1193 2590; x_wconf 91' lang='lat' dir='ltr'><strong>numeri</strong></span> <span class='ocrx_word' id='word_1_147' title='bbox 1224 2519 1402 2592; x_wconf 81' lang='lat' dir='ltr'><strong>Missurum</strong></span> <span class='ocrx_word' id='word_1_148' title='bbox 1431 2539 1498 2613; x_wconf 89' lang='lat' dir='ltr'><strong>pro</strong></span> 
     </span>
     <span class='ocr_line' id='line_1_21' title="bbox 258 2628 1499 2726; baseline 0.006 -24"><span class='ocrx_word' id='word_1_149' title='bbox 258 2648 328 2702; x_wconf 89' lang='lat' dir='ltr'><strong>una</strong></span> <span class='ocrx_word' id='word_1_150' title='bbox 353 2631 448 2702; x_wconf 78' lang='lat' dir='ltr'><strong>Foris</strong></span> <span class='ocrx_word' id='word_1_151' title='bbox 472 2631 508 2701; x_wconf 95' lang='lat' dir='ltr'><strong>in</strong></span> <span class='ocrx_word' id='word_1_152' title='bbox 533 2628 761 2706; x_wconf 85' lang='lat' dir='ltr'><strong>Hebdomada.</strong></span> <span class='ocrx_word' id='word_1_153' title='bbox 788 2630 830 2701; x_wconf 83' lang='lat' dir='ltr'><strong>nt</strong></span> <span class='ocrx_word' id='word_1_154' title='bbox 854 2631 890 2701; x_wconf 90' lang='lat' dir='ltr'><strong>in</strong></span> <span class='ocrx_word' id='word_1_155' title='bbox 914 2629 1071 2702; x_wconf 86' lang='lat' dir='ltr'><strong>Ecclesiis</strong></span> <span class='ocrx_word' id='word_1_156' title='bbox 1104 2631 1140 2701; x_wconf 93' lang='lat' dir='ltr'><strong>in</strong></span> <span class='ocrx_word' id='word_1_157' title='bbox 1172 2631 1287 2722; x_wconf 85' lang='lat' dir='ltr'><strong>Regno</strong></span> <span class='ocrx_word' id='word_1_158' title='bbox 1317 2633 1499 2726; x_wconf 87' lang='lat' dir='ltr'><strong>utriusque</strong></span> 
     </span>
     <span class='ocr_line' id='line_1_22' title="bbox 259 2739 1499 2839; baseline 0.004 -24"><span class='ocrx_word' id='word_1_159' title='bbox 259 2741 417 2815; x_wconf 83' lang='lat' dir='ltr'><strong>Polouiae</strong></span> <span class='ocrx_word' id='word_1_160' title='bbox 442 2739 677 2825; x_wconf 78' lang='lat' dir='ltr'><strong>existentibus,</strong></span> <span class='ocrx_word' id='word_1_161' title='bbox 703 2742 827 2834; x_wconf 83' lang='lat' dir='ltr'><strong>puriter</strong></span> <span class='ocrx_word' id='word_1_162' title='bbox 852 2742 1019 2814; x_wconf 86' lang='lat' dir='ltr'><strong>concessit</strong></span> <span class='ocrx_word' id='word_1_163' title='bbox 1034 2741 1146 2814; x_wconf 83' lang='lat' dir='ltr'><strong>bitere</strong></span> <span class='ocrx_word' id='word_1_164' title='bbox 1162 2743 1407 2834; x_wconf 84' lang='lat' dir='ltr'><strong>privilegiatum</strong></span> <span class='ocrx_word' id='word_1_165' title='bbox 1419 2765 1499 2839; x_wconf 88' lang='lat' dir='ltr'><strong>per-</strong></span> 
     </span>
     <span class='ocr_line' id='line_1_23' title="bbox 260 2852 1500 2949; baseline 0.003 -22"><span class='ocrx_word' id='word_1_166' title='bbox 260 2860 402 2948; x_wconf 89' lang='lat' dir='ltr'><strong>petuum</strong></span> <span class='ocrx_word' id='word_1_167' title='bbox 427 2866 488 2946; x_wconf 85' lang='lat' dir='ltr'><strong>pro</strong></span> <span class='ocrx_word' id='word_1_168' title='bbox 514 2871 582 2926; x_wconf 88' lang='lat' dir='ltr'><strong>una</strong></span> <span class='ocrx_word' id='word_1_169' title='bbox 606 2852 721 2944; x_wconf 82' lang='lat' dir='ltr'><strong>Feria3</strong></span> <span class='ocrx_word' id='word_1_170' title='bbox 748 2871 825 2926; x_wconf 90' lang='lat' dir='ltr'><strong>oum</strong></span> <span class='ocrx_word' id='word_1_171' title='bbox 851 2871 994 2926; x_wconf 90' lang='lat' dir='ltr'><strong>numero</strong></span> <span class='ocrx_word' id='word_1_172' title='bbox 1020 2855 1120 2926; x_wconf 90' lang='lat' dir='ltr'><strong>trium</strong></span> <span class='ocrx_word' id='word_1_173' title='bbox 1141 2855 1319 2928; x_wconf 81' lang='lat' dir='ltr'><strong>Missurum</strong></span> <span class='ocrx_word' id='word_1_174' title='bbox 1335 2871 1397 2949; x_wconf 82' lang='lat' dir='ltr'><strong>pm</strong></span> <span class='ocrx_word' id='word_1_175' title='bbox 1414 2858 1500 2932; x_wconf 85' lang='lat' dir='ltr'><strong>riua-</strong></span> 
     </span>
     <span class='ocr_line' id='line_1_24' title="bbox 260 2963 1500 3057; baseline 0.003 -17"><span class='ocrx_word' id='word_1_176' title='bbox 260 2967 326 3040; x_wconf 90' lang='lat' dir='ltr'><strong>bns</strong></span> <span class='ocrx_word' id='word_1_177' title='bbox 359 2965 486 3055; x_wconf 81' lang='lat' dir='ltr'><strong>Feriis3</strong></span> <span class='ocrx_word' id='word_1_178' title='bbox 520 2981 598 3039; x_wconf 90' lang='lat' dir='ltr'><strong>cnm</strong></span> <span class='ocrx_word' id='word_1_179' title='bbox 630 2977 772 3038; x_wconf 88' lang='lat' dir='ltr'><strong>numero</strong></span> <span class='ocrx_word' id='word_1_180' title='bbox 798 2985 859 3038; x_wconf 83' lang='lat' dir='ltr'><strong>sex</strong></span> <span class='ocrx_word' id='word_1_181' title='bbox 884 2967 1063 3040; x_wconf 89' lang='lat' dir='ltr'><strong>Missamm</strong></span> <span class='ocrx_word' id='word_1_182' title='bbox 1090 2963 1331 3057; x_wconf 88' lang='lat' dir='ltr'><strong>quotidianum.</strong></span> <span class='ocrx_word' id='word_1_183' title='bbox 1371 2971 1408 3042; x_wconf 90' lang='lat' dir='ltr'><strong>in</strong></span> <span class='ocrx_word' id='word_1_184' title='bbox 1432 2971 1500 3044; x_wconf 85' lang='lat' dir='ltr'><strong>Ec-</strong></span> 
     </span>
     <span class='ocr_line' id='line_1_25' title="bbox 261 3079 1500 3174; baseline 0.006 -23"><span class='ocrx_word' id='word_1_185' title='bbox 261 3079 372 3152; x_wconf 87' lang='lat' dir='ltr'><strong>ciesiis</strong></span> <span class='ocrx_word' id='word_1_186' title='bbox 397 3085 509 3152; x_wconf 84' lang='lat' dir='ltr'><strong>butem</strong></span> <span class='ocrx_word' id='word_1_187' title='bbox 534 3079 727 3155; x_wconf 89' lang='lat' dir='ltr'><strong>Moniaiinm</strong></span> <span class='ocrx_word' id='word_1_188' title='bbox 755 3081 880 3172; x_wconf 84' lang='lat' dir='ltr'><strong>pariter</strong></span> <span class='ocrx_word' id='word_1_189' title='bbox 909 3081 1075 3152; x_wconf 88' lang='lat' dir='ltr'><strong>concessit</strong></span> <span class='ocrx_word' id='word_1_190' title='bbox 1106 3079 1218 3153; x_wconf 82' lang='lat' dir='ltr'><strong>Altero</strong></span> <span class='ocrx_word' id='word_1_191' title='bbox 1250 3080 1500 3174; x_wconf 85' lang='lat' dir='ltr'><strong>privilegiatum</strong></span> 
     </span>
     <span class='ocr_line' id='line_1_26' title="bbox 261 3191 1500 3290; baseline 0.003 -24"><span class='ocrx_word' id='word_1_192' title='bbox 261 3199 462 3286; x_wconf 85' lang='lat' dir='ltr'><strong>perpetuum</strong></span> <span class='ocrx_word' id='word_1_193' title='bbox 479 3211 541 3284; x_wconf 88' lang='lat' dir='ltr'><strong>pro</strong></span> <span class='ocrx_word' id='word_1_194' title='bbox 558 3211 625 3265; x_wconf 92' lang='lat' dir='ltr'><strong>una</strong></span> <span class='ocrx_word' id='word_1_195' title='bbox 642 3193 737 3265; x_wconf 80' lang='lat' dir='ltr'><strong>Foris</strong></span> <span class='ocrx_word' id='word_1_196' title='bbox 761 3193 937 3284; x_wconf 83' lang='lat' dir='ltr'><strong>cujuslibet</strong></span> <span class='ocrx_word' id='word_1_197' title='bbox 957 3191 1196 3266; x_wconf 80' lang='lat' dir='ltr'><strong>Hebdomadas</strong></span> <span class='ocrx_word' id='word_1_198' title='bbox 1212 3195 1342 3286; x_wconf 88' lang='lat' dir='ltr'><strong>absque</strong></span> <span class='ocrx_word' id='word_1_199' title='bbox 1359 3213 1500 3290; x_wconf 82' lang='lat' dir='ltr'><strong>expres-</strong></span> 
     </span>
     <span class='ocr_line' id='line_1_27' title="bbox 262 3305 1500 3402; baseline 0.005 -25"><span class='ocrx_word' id='word_1_200' title='bbox 262 3306 359 3378; x_wconf 86' lang='lat' dir='ltr'><strong>sione</strong></span> <span class='ocrx_word' id='word_1_201' title='bbox 384 3307 516 3378; x_wconf 90' lang='lat' dir='ltr'><strong>numeri</strong></span> <span class='ocrx_word' id='word_1_202' title='bbox 541 3307 730 3390; x_wconf 76' lang='lat' dir='ltr'><strong>Missurum,</strong></span> <span class='ocrx_word' id='word_1_203' title='bbox 757 3305 819 3378; x_wconf 87' lang='lat' dir='ltr'><strong>sed</strong></span> <span class='ocrx_word' id='word_1_204' title='bbox 845 3323 904 3397; x_wconf 81' lang='lat' dir='ltr'><strong>pro</strong></span> <span class='ocrx_word' id='word_1_205' title='bbox 931 3305 1129 3380; x_wconf 87' lang='lat' dir='ltr'><strong>Moniniibus</strong></span> <span class='ocrx_word' id='word_1_206' title='bbox 1154 3311 1294 3392; x_wconf 87' lang='lat' dir='ltr'><strong>tantum,</strong></span> <span class='ocrx_word' id='word_1_207' title='bbox 1309 3325 1500 3402; x_wconf 86' lang='lat' dir='ltr'><strong>earumque</strong></span> 
     </span>
     <span class='ocr_line' id='line_1_28' title="bbox 264 3415 1111 3509; baseline -0.001 -18"><span class='ocrx_word' id='word_1_208' title='bbox 264 3416 541 3509; x_wconf 85' lang='lat' dir='ltr'><strong>Consanguincis,</strong></span> <span class='ocrx_word' id='word_1_209' title='bbox 567 3415 745 3503; x_wconf 81' lang='lat' dir='ltr'><strong>Affinihns,</strong></span> <span class='ocrx_word' id='word_1_210' title='bbox 772 3425 805 3491; x_wconf 86' lang='lat' dir='ltr'><strong>et</strong></span> <span class='ocrx_word' id='word_1_211' title='bbox 829 3418 1111 3492; x_wconf 78' lang='lat' dir='ltr'><strong>benefactoribus.</strong></span> 
     </span>
    </p>

    <p class='ocr_par' dir='ltr' id='par_1_4' title="bbox 264 3529 1501 4190">
     <span class='ocr_line' id='line_1_29' title="bbox 338 3529 1500 3626; baseline 0.006 -24"><span class='ocrx_word' id='word_1_212' title='bbox 338 3529 425 3602; x_wconf 84' lang='lat' dir='ltr'><strong>Gnm</strong></span> <span class='ocrx_word' id='word_1_213' title='bbox 450 3530 513 3602; x_wconf 87' lang='lat' dir='ltr'><strong>bnc</strong></span> <span class='ocrx_word' id='word_1_214' title='bbox 537 3537 650 3604; x_wconf 85' lang='lat' dir='ltr'><strong>tamen</strong></span> <span class='ocrx_word' id='word_1_215' title='bbox 675 3529 908 3616; x_wconf 84' lang='lat' dir='ltr'><strong>declaratione,</strong></span> <span class='ocrx_word' id='word_1_216' title='bbox 936 3529 1029 3621; x_wconf 86' lang='lat' dir='ltr'><strong>quod</strong></span> <span class='ocrx_word' id='word_1_217' title='bbox 1053 3533 1088 3602; x_wconf 92' lang='lat' dir='ltr'><strong>in</strong></span> <span class='ocrx_word' id='word_1_218' title='bbox 1105 3531 1244 3624; x_wconf 89' lang='lat' dir='ltr'><strong>singuiis</strong></span> <span class='ocrx_word' id='word_1_219' title='bbox 1261 3551 1364 3626; x_wconf 90' lang='lat' dir='ltr'><strong>supra</strong></span> <span class='ocrx_word' id='word_1_220' title='bbox 1384 3535 1500 3609; x_wconf 85' lang='lat' dir='ltr'><strong>relatis</strong></span> 
     </span>
     <span class='ocr_line' id='line_1_30' title="bbox 264 3643 1500 3737; baseline 0.005 -23"><span class='ocrx_word' id='word_1_221' title='bbox 264 3644 417 3715; x_wconf 89' lang='lat' dir='ltr'><strong>Fratrum</strong></span> <span class='ocrx_word' id='word_1_222' title='bbox 441 3643 611 3729; x_wconf 80' lang='lat' dir='ltr'><strong>Ecclesiis</strong></span> <span class='ocrx_word' id='word_1_223' title='bbox 638 3645 762 3737; x_wconf 91' lang='lat' dir='ltr'><strong>quibus</strong></span> <span class='ocrx_word' id='word_1_224' title='bbox 784 3644 887 3720; x_wconf 83' lang='lat' dir='ltr'><strong>modo</strong></span> <span class='ocrx_word' id='word_1_225' title='bbox 903 3643 1015 3718; x_wconf 84' lang='lat' dir='ltr'><strong>Mtarc</strong></span> <span class='ocrx_word' id='word_1_226' title='bbox 1031 3644 1277 3736; x_wconf 77' lang='lat' dir='ltr'><strong>privilegiatum</strong></span> <span class='ocrx_word' id='word_1_227' title='bbox 1294 3647 1500 3734; x_wconf 88' lang='lat' dir='ltr'><strong>conceditur,</strong></span> 
     </span>
     <span class='ocr_line' id='line_1_31' title="bbox 265 3753 1501 3855; baseline 0.006 -27"><span class='ocrx_word' id='word_1_228' title='bbox 265 3753 435 3828; x_wconf 89' lang='lat' dir='ltr'><strong>indultum</strong></span> <span class='ocrx_word' id='word_1_229' title='bbox 460 3758 504 3829; x_wconf 90' lang='lat' dir='ltr'><strong>sit</strong></span> <span class='ocrx_word' id='word_1_230' title='bbox 530 3758 719 3831; x_wconf 89' lang='lat' dir='ltr'><strong>restrictum</strong></span> <span class='ocrx_word' id='word_1_231' title='bbox 746 3756 788 3829; x_wconf 87' lang='lat' dir='ltr'><strong>ed</strong></span> <span class='ocrx_word' id='word_1_232' title='bbox 809 3757 1006 3830; x_wconf 86' lang='lat' dir='ltr'><strong>Sacerdotes</strong></span> <span class='ocrx_word' id='word_1_233' title='bbox 1023 3757 1197 3830; x_wconf 80' lang='lat' dir='ltr'><strong>dumtaxat</strong></span> <span class='ocrx_word' id='word_1_234' title='bbox 1213 3759 1377 3832; x_wconf 84' lang='lat' dir='ltr'><strong>Ordinem</strong></span> <span class='ocrx_word' id='word_1_235' title='bbox 1395 3781 1501 3855; x_wconf 86' lang='lat' dir='ltr'><strong>supra</strong></span> 
     </span>
     <span class='ocr_line' id='line_1_32' title="bbox 266 3869 1499 3968; baseline 0.008 -29"><span class='ocrx_word' id='word_1_236' title='bbox 266 3883 507 3961; x_wconf 81' lang='lat' dir='ltr'><strong>expressorum</strong></span> <span class='ocrx_word' id='word_1_237' title='bbox 534 3871 614 3944; x_wconf 91' lang='lat' dir='ltr'><strong>inibi</strong></span> <span class='ocrx_word' id='word_1_238' title='bbox 641 3873 865 3960; x_wconf 87' lang='lat' dir='ltr'><strong>celebrantes;</strong></span> <span class='ocrx_word' id='word_1_239' title='bbox 892 3877 925 3944; x_wconf 89' lang='lat' dir='ltr'><strong>et</strong></span> <span class='ocrx_word' id='word_1_240' title='bbox 950 3869 1043 3962; x_wconf 88' lang='lat' dir='ltr'><strong>qnod</strong></span> <span class='ocrx_word' id='word_1_241' title='bbox 1067 3870 1206 3956; x_wconf 75' lang='lat' dir='ltr'><strong>Altaria,</strong></span> <span class='ocrx_word' id='word_1_242' title='bbox 1234 3879 1267 3947; x_wconf 91' lang='lat' dir='ltr'><strong>et</strong></span> <span class='ocrx_word' id='word_1_243' title='bbox 1296 3873 1411 3948; x_wconf 83' lang='lat' dir='ltr'><strong>Feriac</strong></span> <span class='ocrx_word' id='word_1_244' title='bbox 1435 3895 1499 3968; x_wconf 90' lang='lat' dir='ltr'><strong>pro</strong></span> 
     </span>
     <span class='ocr_line' id='line_1_33' title="bbox 268 3981 1499 4076; baseline 0.005 -21"><span class='ocrx_word' id='word_1_245' title='bbox 268 3981 393 4076; x_wconf 90' lang='lat' dir='ltr'><strong>quibus</strong></span> <span class='ocrx_word' id='word_1_246' title='bbox 419 3983 613 4058; x_wconf 86' lang='lat' dir='ltr'><strong>conceditur</strong></span> <span class='ocrx_word' id='word_1_247' title='bbox 637 3985 846 4076; x_wconf 81' lang='lat' dir='ltr'><strong>privilegium</strong></span> <span class='ocrx_word' id='word_1_248' title='bbox 873 3983 979 4058; x_wconf 88' lang='lat' dir='ltr'><strong>semei</strong></span> <span class='ocrx_word' id='word_1_249' title='bbox 1007 3989 1137 4058; x_wconf 89' lang='lat' dir='ltr'><strong>tantum</strong></span> <span class='ocrx_word' id='word_1_250' title='bbox 1166 3985 1209 4058; x_wconf 86' lang='lat' dir='ltr'><strong>eb</strong></span> <span class='ocrx_word' id='word_1_251' title='bbox 1240 3981 1424 4060; x_wconf 80' lang='lat' dir='ltr'><strong>ordinariis</strong></span> <span class='ocrx_word' id='word_1_252' title='bbox 1448 3987 1499 4061; x_wconf 79' lang='lat' dir='ltr'><strong>io—</strong></span> 
     </span>
     <span class='ocr_line' id='line_1_34' title="bbox 268 4092 759 4190; baseline 0.002 -22"><span class='ocrx_word' id='word_1_253' title='bbox 268 4111 387 4170; x_wconf 87' lang='lat' dir='ltr'><strong>comm</strong></span> <span class='ocrx_word' id='word_1_254' title='bbox 412 4095 580 4190; x_wconf 80' lang='lat' dir='ltr'><strong>designari</strong></span> <span class='ocrx_word' id='word_1_255' title='bbox 606 4092 759 4171; x_wconf 87' lang='lat' dir='ltr'><strong>debcant.</strong></span> 
     </span>
    </p>

    <p class='ocr_par' dir='ltr' id='par_1_5' title="bbox 340 4206 1501 4303">
     <span class='ocr_line' id='line_1_35' title="bbox 340 4206 1501 4303; baseline 0.008 -22"><span class='ocrx_word' id='word_1_256' title='bbox 340 4208 490 4282; x_wconf 75' lang='lat' dir='ltr'><strong>innuero</strong></span> <span class='ocrx_word' id='word_1_257' title='bbox 508 4207 671 4283; x_wconf 82' lang='lat' dir='ltr'><strong>Sanctitas</strong></span> <span class='ocrx_word' id='word_1_258' title='bbox 689 4208 756 4282; x_wconf 85' lang='lat' dir='ltr'><strong>Sua</strong></span> <span class='ocrx_word' id='word_1_259' title='bbox 773 4207 887 4294; x_wconf 75' lang='lat' dir='ltr'><strong>sciuit,</strong></span> <span class='ocrx_word' id='word_1_260' title='bbox 906 4206 998 4302; x_wconf 78' lang='lat' dir='ltr'><strong>quoti</strong></span> <span class='ocrx_word' id='word_1_261' title='bbox 1014 4211 1209 4303; x_wconf 82' lang='lat' dir='ltr'><strong>hujusmodi</strong></span> <span class='ocrx_word' id='word_1_262' title='bbox 1223 4213 1501 4290; x_wconf 84' lang='lat' dir='ltr'><strong>concessionibus</strong></span> 
     </span>
    </p>
   </div>
   <div class='ocr_carea' id='block_1_3' title="bbox 269 4322 1501 4423">
    <p class='ocr_par' dir='ltr' id='par_1_6' title="bbox 269 4322 1501 4423">
     <span class='ocr_line' id='line_1_36' title="bbox 269 4322 1501 4423; baseline 0.009 -28"><span class='ocrx_word' id='word_1_263' title='bbox 269 4323 434 4407; x_wconf 86' lang='lat' dir='ltr'><strong>truantur,</strong></span> <span class='ocrx_word' id='word_1_264' title='bbox 461 4338 531 4399; x_wconf 94' lang='lat' dir='ltr'><strong>non</strong></span> <span class='ocrx_word' id='word_1_265' title='bbox 555 4324 665 4401; x_wconf 88' lang='lat' dir='ltr'><strong>solnm</strong></span> <span class='ocrx_word' id='word_1_266' title='bbox 689 4322 873 4410; x_wconf 82' lang='lat' dir='ltr'><strong>Ecclesiae,</strong></span> <span class='ocrx_word' id='word_1_267' title='bbox 899 4339 985 4416; x_wconf 87' lang='lat' dir='ltr'><strong>quas</strong></span> <span class='ocrx_word' id='word_1_268' title='bbox 1010 4325 1045 4398; x_wconf 91' lang='lat' dir='ltr'><strong>in</strong></span> <span class='ocrx_word' id='word_1_269' title='bbox 1069 4327 1330 4423; x_wconf 72' lang='lat' dir='ltr'><strong>praesentitur</strong></span> <span class='ocrx_word' id='word_1_270' title='bbox 1354 4327 1501 4416; x_wconf 80' lang='lat' dir='ltr'><strong>babent,</strong></span> 
     </span>
    </p>
   </div>
   <div class='ocr_carea' id='block_1_4' title="bbox 0 0 1635 4928">
    <p class='ocr_par' dir='ltr' id='par_1_7' title="bbox 0 0 1635 4928">
     <span class='ocr_line' id='line_1_37' title="bbox 0 0 1635 4928; baseline 0 0"><span class='ocrx_word' id='word_1_271' title='bbox 0 0 1635 4928; x_wconf 95' lang='lat' dir='ltr'><strong> </strong></span> 
     </span>
    </p>
   </div>
  </div>
 </body>
</html>
