3134 4918
575 407 621 426 -
649 375 719 442 litt
747 407 793 426 -

147 506 213 576 Sao.
240 507 460 599 congregatio
486 509 659 602 respondit
687 511 754 582 «Ut
779 511 813 582 in
839 513 1014 586 seeundo·

146 615 192 687 t.⁰
207 617 328 690 Utrum
344 617 395 691 ad
411 620 618 694 lucrandam
635 620 892 714 ludulpmtiam
908 625 1110 698 Pleuariam
1127 627 1304 702 Orationi:
1455 637 1464 642 ”

85 727 209 812 tlbnne,
227 735 262 802 et
278 727 471 804 dulcissime
486 734 566 812 lesu
584 739 648 806 etc.
664 747 871 816 concessam,
889 753 1019 809 uocesm
1036 738 1207 828 sitellam
1223 759 1304 813 ora·

84 839 192 912 tionem
216 839 347 914 addere
367 861 437 934 pro
466 845 653 918 intentione
679 847 811 918 Summi
834 845 1032 941 Pontificio?
1117 945 1119 948 Ι

142 953 212 1026 Sec.
238 953 460 1046 congregata
484 957 892 1050 respondit-sNegatire»
1192 959 1196 968 '

140 1064 190 1136 5?
206 1064 328 1137 Utrum
341 1066 390 1139 ad
402 1066 640 1161 Iudntpeutias
654 1071 886 1164 applicandas
895 1072 1069 1155 &moun
1080 1074 1302 1150 ltomriiseta.

80 1175 156 1248 attus
178 1177 267 1250 ritus
290 1179 335 1252 sit
357 1181 568 1253 moessarius
589 1185 1000 1276 marimanamsipuum
1025 1186 1136 1260 crucis
1152 1205 1176 1260 a
1191 1205 1303 1262 maer·
1400 1195 1404 1204 '

79 1284 144 1359 dote
167 1290 227 1378 oui
253 1287 343 1362 lanc
367 1290 571 1383 facultatem
596 1296 739 1386 accepit,
765 1294 950 1387 factumi*-

138 1399 212 1472 Sac.
238 1400 459 1494 congregatio
483 1404 657 1496 respondit
681 1406 889 1497 ‹Negasne›

138 1511 189 1584 tt?
218 1512 339 1586 illrum
364 1514 584 1608 tuautpmtta
609 1533 767 1590 cmeesso
792 1516 900 1590 codol
922 1519 1033 1590 solum
1054 1519 1090 1592 iu
1109 1518 1304 1594 clriuoea

77 1641 155 1704 aar,
181 1623 290 1715 tipum
316 1626 370 1698 ael
386 1627 463 1699 alia
483 1645 620 1719 quaque
635 1614 785 1701 materia
800 1629 905 1722 sacto,
925 1629 976 1702 ilo
992 1635 1031 1702 ut
1042 1632 1154 1723 possit
1170 1649 1214 1704 ea
1228 1651 1302 1706 uua

78 1735 172 1810 duce
196 1737 235 1808 iu
260 1739 371 1810 oliam
396 1739 577 1834 tramsmri
602 1741 729 1834 absque
748 1743 904 1835 periculo
922 1743 1103 1816 amittendi
1119 1741 1320 1838 ludulpeur

75 1848 150 1920 tiam
173 1849 241 1940 ipst
265 1849 460 1922 collatam?

136 1961 210 2034 Sue.
236 1962 360 2052 Coum.
386 1961 558 2054 respondit
586 1962 849 2038 «Affirmetirm
877 1965 940 2039 Dio
964 1971 1006 2038 tt
1036 1966 1159 2060 Aprilis
1194 1973 1299 2042 tato.

656 2160 709 2231 n1.
813 2242 819 2252 ,

581 2303 776 2357 innormen.

132 2408 321 2501 Episcopus
348 2409 597 2482 Lemouiceusis
621 2410 823 2503 facultatem
850 2410 995 2484 obtinuit
1018 2411 1236 2503 impertiendi
1252 2414 1302 2489 tris

70 2521 101 2591 iu
123 2539 218 2593 auuo
234 2518 511 2593 Benedictiouem
528 2521 761 2612 apostolicam
778 2541 854 2594 cum
873 2521 1092 2614 indulpeutia
1114 2525 1301 2615 Pleuaria,·

69 2631 122 2706 red
144 2635 180 2705 iu
208 2633 301 2713 liitu,
328 2636 361 2704 et
385 2633 552 2704 Formula
570 2631 668 2721 eujus
692 2631 932 2706 benedictionis
943 2635 1195 2726 praescribitur
1210 2637 1300 2710 iuter

70 2749 197 2817 matera
222 2749 263 2816 m
286 2745 447 2835 traantur
467 2744 619 2816 Litterae
635 2746 851 2836 Apostolicae
867 2744 917 2818 od
934 2745 997 2819 troc
1014 2765 1201 2833 concessae,
1220 2754 1300 2824 ante

71 2855 329 2930 benedictionum
362 2855 643 2948 impertimdam
663 2862 767 2947 atque
791 2857 895 2929 etiam
921 2863 1000 2950 post
1034 2860 1299 2936 laudatarum

68 2967 275 3060 impertitam
299 2968 492 3060 publicetur
516 2969 639 3049 latino,
666 2973 698 3040 et
722 2971 907 3042 camerula
933 2970 1098 3044 idiomate
1130 2976 1298 3052 comestio

68 3080 246 3152 leariae
270 3078 520 3170 luduloeutioe.
540 3081 615 3151 ltlos
632 3084 747 3152 autem
764 3080 801 3152 ia
817 3081 968 3154 Ecclesia
984 3083 1157 3155 Lemouici
1174 3105 1198 3158 o
1213 3087 1299 3158 mut·

68 3192 230 3264 tirannis
255 3194 314 3272 at,
340 3195 379 3261 ut
404 3191 502 3263 lectio
529 3191 739 3263 Litterarum
762 3193 1038 3284 Apostolicorum
1058 3197 1297 3286 supprimatur

66 3321 103 3374 ue
126 3303 257 3376 diutius
278 3303 430 3395 populus
450 3302 487 3378 iu
504 3302 656 3376 &cleda
679 3305 879 3385 retineatur,
899 3306 973 3376 loco
989 3323 1069 3377 uero
1086 3306 1297 3382 Litterarum

66 3413 185 3504 tepitur
213 3413 334 3494 latino,
362 3416 394 3484 ot
418 3414 603 3487 umuaculo
620 3413 786 3488 idiomate
801 3415 953 3507 formula
978 3415 1146 3488 «Atlantis
1162 3416 1297 3492 laenita-

65 3525 148 3598 nnus
172 3531 239 3598 etc.
266 3529 305 3596 ut
330 3523 372 3596 de
389 3523 603 3616 delepatioue
628 3531 779 3600 constet:
805 3529 941 3617 quaerit
970 3547 1018 3600 aa
1044 3527 1098 3602 tic
1127 3530 1236 3612 Ritus,
1266 3537 1300 3604 et

65 3633 174 3727 {orato
189 3635 336 3729 sufficiat
361 3635 411 3707 ad
435 3636 644 3712 lucrandam
668 3637 923 3730 ludulpmtiam
950 3640 1179 3716 Pleuariamt

130 3750 208 3821 Sac.
235 3747 456 3840 congregatio
482 3749 654 3840 respondit
677 3751 829 3834 «littam,
857 3756 890 3822 et
918 3750 1078 3835 formam,
1105 3751 1297 3843 dequibus

65 3860 93 3932 io
116 3861 286 3954 pacibus,
313 3866 435 3936 attenta
462 3860 646 3934 rationabili
670 3880 772 3935 eausa
787 3881 890 3954 snpra
907 3863 1069 3954 exposita,
1097 3881 1213 3935 rerom
1229 3865 1297 3939 sni·

65 3969 159 4048 orere
185 3971 230 4044 ad
255 3971 524 4044 lumiiaeiendam
548 3971 790 4064 Indulgendum
811 3972 1021 4066 Apostolicae
1044 3968 1296 4063 benedictionis,

64 4081 249 4156 dnmmodo
271 4099 332 4176 per
356 4083 535 4157 formulam
559 4086 729 4158 «artemo
761 4085 984 4178 facultatibus
1015 4090 1104 4157 etc·
1130 4085 1298 4161 lidetllrns

65 4201 191 4270 constet
214 4213 261 4270 ex
285 4195 460 4268 Pontificio
482 4197 697 4289 delegatione
721 4203 849 4270 mnium
876 4195 1075 4289 impertitam
1100 4195 1232 4270 taisson
1256 4199 1298 4273 et

65 4305 105 4378 ita
127 4309 204 4380 Sao.
231 4305 356 4398 Congr.
382 4307 505 4385 audilis
522 4327 660 4402 quoqne
676 4307 911 4384 consultorum
926 4305 1011 4382 rotis
1027 4307 1215 4382 declararit
1237 4309 1296 4384 Die

67 4423 110 4490 30
135 4419 225 4494 lunii
254 4423 358 4493 toto.
