3214 4928
796 361 990 428 -3t..

275 495 429 582 beritum
455 495 567 582 denua
592 496 816 590 confirmatae
836 515 859 578 o
880 493 1028 580 omnir
1048 490 1268 588 Poniticitus
1290 491 1462 576 atenaco
1475 491 1520 574 X

274 614 308 692 ct
333 610 528 692 Innocentio
554 609 610 692 III
632 607 687 689 die
716 613 756 682 II
786 608 880 682 turcii
914 609 999 692 occi
1034 609 1129 680 ibid
1162 610 1225 681 etc.
1259 633 1272 673 ι
1302 604 1515 698 impressuras

272 720 445 813 Augustae
470 721 513 804 ab
538 723 666 803 Ioanne
690 719 850 796 utebacte
875 721 1023 804 Labbort
1048 737 1137 794 auno
1165 723 1271 804 1⁷2⁰-
1296 787 1299 792 .

348 835 433 913 Cum
459 840 571 924 subm
588 835 623 914 in
640 834 728 911 dicto
745 835 936 912 summario
952 833 1130 916 nonnullas
1147 831 1374 924 indulgentias
1395 829 1512 913 tabas,

273 953 330 1033 aut
355 946 565 1040 apocryphas
590 953 648 1028 aut
672 948 715 1022 ab
741 946 932 1040 Apostolica
957 946 1046 1030 Sede
1070 952 1244 1026 reuocatas
1268 943 1431 1026 coutinori
1447 942 1512 1026 de-

272 1058 478 1150 prehensum
504 1057 620 1148 brerit;
647 1057 723 1132 ideo
743 1077 787 1134 ne
807 1058 938 1134 Fideles
958 1059 1167 1151 decipiantur
1184 1056 1302 1131 eadem
1324 1058 1398 1136 Sao.
1419 1055 1510 1131 Coo-

270 1170 419 1261 gregatio
444 1169 558 1245 habita
583 1168 638 1242 die
667 1176 707 1244 ti
737 1171 844 1247 Martii
874 1175 962 1244 tiit
994 1168 1154 1263 praedicti
1187 1168 1366 1245 summarii
1395 1166 1511 1258 bugu·

271 1287 343 1356 stae
360 1282 527 1374 impressi,
546 1283 599 1357 vet
616 1282 728 1356 denuc
749 1283 955 1374 ubicumque
972 1281 1186 1375 imprimendi
1203 1299 1304 1364 usum
1325 1278 1508 1362 interdixi,

270 1392 421 1485 illudque
445 1394 616 1488 prohibuit
641 1396 706 1470 sub
732 1395 850 1488 poenis
876 1395 911 1470 in
936 1393 1049 1468 Indice
1074 1396 1236 1478 librorum
1260 1392 1507 1486 prohibitorum

270 1507 446 1590 contentis,
473 1505 685 1592 declarando,
712 1513 881 1598 gestantes
908 1507 1044 1591 cruces,
1071 1513 1106 1582 et
1122 1507 1289 1590 Coronas,
1315 1524 1400 1598 quas
1426 1504 1506 1581 Sao.

270 1635 372 1690 mern.
399 1617 613 1691 Innocentius
638 1620 684 1690 XI
710 1618 842 1692 Litteris
867 1621 901 1702 io
918 1619 1024 1692 iorma
1050 1619 1166 1699 Brevis
1190 1619 1352 1700 emebatis
1378 1616 1432 1696 die
1457 1620 1505 1686 28

269 1729 415 1802 Ianuarii
439 1729 518 1810 anui
547 1735 640 1812 titud
668 1731 836 1823 praedicta
852 1731 1074 1823 gestantibus,
1092 1737 1126 1804 et
1141 1731 1197 1823 pia
1213 1748 1316 1824 opera
1332 1730 1368 1802 in
1384 1726 1504 1804 eodem

270 1841 366 1922 Brevi
392 1842 598 1935 praescripta
623 1842 742 1920 deuote
767 1845 1007 1936 peragentibus
1032 1844 1209 1928 concessit.

342 1953 484 2046 Insuper
509 1974 587 2028 cum
617 1955 726 2029 eidem
759 1957 879 2030 Sacrae
913 1956 1168 2048 congregationi
1201 1956 1325 2049 pariter
1357 1954 1505 2026 delatum

268 2063 368 2138 tuerit
393 2067 572 2140 nonnullos
597 2069 705 2162 turpis
730 2069 814 2141 lueri
840 2068 994 2162 eopidos,
1019 2087 1087 2140 oon
1110 2069 1183 2141 sine
1199 2086 1324 2160 magno
1341 2067 1504 2140 Fidetiurn

268 2177 425 2250 scandalo
451 2179 637 2272 praedictas
654 2181 779 2254 Cruces
797 2188 830 2254 et
846 2182 996 2256 coronas
1013 2180 1148 2274 publice
1170 2180 1328 2265 rendere,
1346 2187 1403 2253 aut
1419 2197 1504 2252 mer-

267 2289 363 2370 cibus
388 2299 597 2374 commutare
621 2313 707 2370 auso
731 2294 908 2368 tammario
929 2313 998 2376 noo
1018 2295 1237 2384 crubescere;
1259 2293 1339 2375 ideo
1356 2291 1504 2370 districte

267 2403 448 2494 probibuit,
474 2424 519 2483 oo
544 2405 578 2483 in
603 2413 777 2500 posterum
804 2414 860 2485 aot
885 2407 1028 2500 publice,
1055 2414 1112 2488 aot
1137 2414 1269 2483 secreto
1294 2405 1502 2490 vendentur,

267 2513 321 2592 uei
346 2517 669 2610 quomodocumque
694 2525 960 2608 commutentur;
988 2519 1098 2594 addita
1129 2520 1228 2600 etiarn
1262 2517 1502 2601 declaratione,

260 2627 360 2718 nucu
385 2647 455 2705 oon
480 2636 651 2710 transeant
677 2649 857 2724 personam
883 2632 1025 2714 iiiorurrr,
1045 2632 1168 2724 quibus
1185 2633 1293 2725 prima
1310 2631 1383 2706 rice
1396 2629 1505 2711 distri·

266 2738 426 2823 burctur,
453 2746 487 2819 et
512 2741 604 2831 qnod
628 2759 743 2834 neque
768 2743 984 2828 commodari,
1012 2751 1069 2821 aut
1085 2743 1255 2837 praecario
1273 2743 1343 2819 dari
1361 2743 1502 2835 possint,

265 2857 299 2925 ot
324 2849 417 2940 quod
443 2853 553 2943 abque
578 2871 616 2928 re
641 2872 685 2934 err
711 2855 889 2948 praedictis
915 2856 1099 2950 deperdita,
1125 2875 1188 2948 pro
1205 2875 1245 2932 ea
1262 2855 1439 2948 subrogari
1454 2855 1502 2929 al-

265 2968 338 3038 tera
362 2979 434 3042 uon
459 2964 576 3040 valeat.
604 2966 701 3052 occo
726 2968 756 3040 si
781 2986 881 3042 secus
906 2969 964 3048 Iiat
989 2968 1201 3061 saepedictae
1226 2969 1351 3044 Cruces
1380 2967 1503 3048 eteo-

264 3089 368 3152 rouoe
395 3083 529 3153 careant
554 3077 771 3170 indulgentiis
795 3082 864 3171 jam
894 3081 1074 3159 concessis.

258 3256 260 3264 .
338 3185 425 3268 duur
450 3189 552 3265 etiam
577 3189 699 3272 Sacrae
724 3193 980 3285 congregationi
1006 3192 1293 3284 indulgentiarum
1309 3192 1501 3278 innotuerit,

265 3298 457 3390 evulgatum
474 3301 579 3374 icisse
596 3304 737 3379 aiterum
754 3305 982 3383 summarium
1000 3305 1286 3398 Indngeutiarurn
1302 3305 1502 3388 Germanico

263 3411 387 3501 pariter
412 3409 572 3486 idiomate
598 3416 825 3508 conscriptum
852 3417 982 3510 absque
1009 3418 1082 3498 loco
1108 3417 1280 3501 editionis,
1307 3422 1340 3491 ot
1365 3416 1503 3500 nornine

262 3522 494 3614 impresseris,
522 3527 619 3619 cujus
651 3528 782 3602 initium
807 3530 908 3602 latine
938 3529 1107 3603 redditum
1140 3536 1192 3601 est
1224 3558 1236 3590 ι
1261 3527 1502 3620 Indulgentiae

263 3652 352 3722 quoe
381 3635 545 3710 Crucibus
574 3639 888 3714 Curoooccccstbus
914 3659 1091 3714 concessae
1117 3640 1258 3733 [cerret
1284 3661 1308 3712 o
1336 3641 1503 3714 Itomocis

262 3746 483 3840 Pontificibus
508 3751 572 3826 Pio
606 3753 639 3835 V,
670 3754 836 3846 Gregorio
863 3755 931 3829 XV
952 3759 985 3828 et
1012 3755 1179 3828 Clemente
1209 3753 1254 3838 X,
1285 3751 1397 3826 dercco
1424 3773 1502 3826 coc-

261 3858 423 3950 firmutao
456 3864 500 3940 ot
535 3865 734 3941 Innocentio
766 3867 839 3939 IIII
869 3897 880 3928 ι
906 3868 948 3942 Ει
972 3867 1088 3960 incipit
1117 3867 1224 3940 ‹Pro
1262 3865 1500 3946 Gcosotuttorce

264 3969 544 4066 utroruceuom
571 3980 603 4048 et
630 3977 664 4047 S.
695 3977 812 4052 Crucis
836 3980 1071 4060 amatorum»
1097 3981 1135 4053 Io
1161 3997 1231 4070 quo
1248 3979 1373 4064 multae
1389 3977 1499 4064 lodui-

261 4084 391 4172 geotiac
417 4086 631 4178 apocryphae
655 4093 689 4165 et
714 4087 817 4164 iatsae
842 4089 1074 4183 deprebensae
1090 4091 1236 4166 Iuerunt.
1254 4090 1381 4176 Eadem
1398 4089 1498 4167 Sacra

261 4193 481 4287 congregatio
506 4197 585 4274 dicti
611 4197 792 4274 summarii
816 4201 1075 4294 impressionem
1102 4209 1135 4288 et
1159 4221 1261 4284 usuur
1285 4202 1351 4286 sub
1376 4201 1495 4288 iisdtrut

259 4307 379 4396 poema
404 4307 439 4382 iu
464 4308 578 4390 Iudice
602 4310 765 4390 tbrorom
791 4315 1036 4406 prohibitorum
1062 4317 1226 4400 contentis
1251 4313 1433 4402 interdixit.
