<?xml version="1.0" encoding="UTF-8"?>
<!DOCTYPE html PUBLIC "-//W3C//DTD XHTML 1.0 Transitional//EN"
    "http://www.w3.org/TR/xhtml1/DTD/xhtml1-transitional.dtd">
<html xmlns="http://www.w3.org/1999/xhtml" xml:lang="en" lang="en">
 <head>
  <title>
</title>
<meta http-equiv="Content-Type" content="text/html;charset=utf-8" />
  <meta name='ocr-system' content='tesseract 3.04.00' />
  <meta name='ocr-capabilities' content='ocr_page ocr_carea ocr_par ocr_line ocrx_word'/>
</head>
<body>
  <div class='ocr_page' id='page_1' title='image "./resolutionesseu00pringoog_0126.png"; bbox 0 0 3164 4926; ppageno 0'>
   <div class='ocr_carea' id='block_1_1' title="bbox 545 404 764 471">
    <p class='ocr_par' dir='ltr' id='par_1_1' title="bbox 545 404 764 471">
     <span class='ocr_line' id='line_1_1' title="bbox 545 404 764 471; baseline -0.009 1"><span class='ocrx_word' id='word_1_1' title='bbox 545 435 591 454; x_wconf 87' lang='grc'>-</span> <span class='ocrx_word' id='word_1_2' title='bbox 620 404 688 471; x_wconf 79' lang='lat' dir='ltr'><strong>tls</strong></span> <span class='ocrx_word' id='word_1_3' title='bbox 716 437 764 455; x_wconf 88' lang='lat'><em>-</em></span> 
     </span>
    </p>
   </div>
   <div class='ocr_carea' id='block_1_2' title="bbox 89 537 1273 974">
    <p class='ocr_par' dir='ltr' id='par_1_2' title="bbox 89 537 1273 750">
     <span class='ocr_line' id='line_1_2' title="bbox 90 537 1273 633; baseline 0.005 -20"><span class='ocrx_word' id='word_1_4' title='bbox 90 537 197 633; x_wconf 82' lang='lat' dir='ltr'><strong>ejudem</strong></span> <span class='ocrx_word' id='word_1_5' title='bbox 216 539 338 614; x_wconf 88' lang='lat' dir='ltr'><strong>llensis</strong></span> <span class='ocrx_word' id='word_1_6' title='bbox 362 541 578 615; x_wconf 83' lang='lat' dir='ltr'><strong>sanctissimo</strong></span> <span class='ocrx_word' id='word_1_7' title='bbox 602 543 746 616; x_wconf 78' lang='lat' dir='ltr'><strong>dommo</strong></span> <span class='ocrx_word' id='word_1_8' title='bbox 761 541 931 627; x_wconf 76' lang='lat' dir='ltr'><strong>relatione</strong></span> <span class='ocrx_word' id='word_1_9' title='bbox 949 543 1114 618; x_wconf 84' lang='lat' dir='ltr'><strong>Sancbtas</strong></span> <span class='ocrx_word' id='word_1_10' title='bbox 1130 545 1198 622; x_wconf 91' lang='lat' dir='ltr'><strong>Sua</strong></span> <span class='ocrx_word' id='word_1_11' title='bbox 1215 563 1273 619; x_wconf 89' lang='lat' dir='ltr'><strong>vo-</strong></span> 
     </span>
     <span class='ocr_line' id='line_1_3' title="bbox 89 653 905 750; baseline 0.002 -24"><span class='ocrx_word' id='word_1_12' title='bbox 89 663 134 726; x_wconf 88' lang='lat' dir='ltr'><strong>lun</strong></span> <span class='ocrx_word' id='word_1_13' title='bbox 152 655 211 728; x_wconf 89' lang='lat' dir='ltr'><strong>Sac.</strong></span> <span class='ocrx_word' id='word_1_14' title='bbox 235 653 506 747; x_wconf 77' lang='lat' dir='ltr'><strong>congregationis</strong></span> <span class='ocrx_word' id='word_1_15' title='bbox 530 655 675 750; x_wconf 90' lang='lat' dir='ltr'><strong>benigne</strong></span> <span class='ocrx_word' id='word_1_16' title='bbox 701 655 905 748; x_wconf 81' lang='lat' dir='ltr'>approbavit.</span> 
     </span>
    </p>

    <p class='ocr_par' dir='ltr' id='par_1_3' title="bbox 561 767 1245 844">
     <span class='ocr_line' id='line_1_4' title="bbox 561 767 1245 844; baseline 0.003 -4"><span class='ocrx_word' id='word_1_17' title='bbox 561 767 620 841; x_wconf 83' lang='lat' dir='ltr'><strong>Fa.</strong></span> <span class='ocrx_word' id='word_1_18' title='bbox 646 770 674 841; x_wconf 89' lang='lat' dir='ltr'><strong>l.</strong></span> <span class='ocrx_word' id='word_1_19' title='bbox 701 768 804 841; x_wconf 80' lang='lat' dir='ltr'><strong>Gran.</strong></span> <span class='ocrx_word' id='word_1_20' title='bbox 822 769 1097 844; x_wconf 10' lang='lat' dir='ltr'><strong>*Porromaauno</strong></span> <span class='ocrx_word' id='word_1_21' title='bbox 1122 767 1245 844; x_wconf 78' lang='lat' dir='ltr'><strong>Pacui.</strong></span> 
     </span>
    </p>

    <p class='ocr_par' dir='ltr' id='par_1_4' title="bbox 513 879 1271 974">
     <span class='ocr_line' id='line_1_5' title="bbox 513 879 1271 974; baseline 0.003 -24"><span class='ocrx_word' id='word_1_22' title='bbox 513 879 553 953; x_wconf 77' lang='lat' dir='ltr'><strong>l.</strong></span> <span class='ocrx_word' id='word_1_23' title='bbox 584 881 630 957; x_wconf 83' lang='lat' dir='ltr'><strong>M.</strong></span> <span class='ocrx_word' id='word_1_24' title='bbox 661 881 757 955; x_wconf 79' lang='lat' dir='ltr'><strong>Ecba</strong></span> <span class='ocrx_word' id='word_1_25' title='bbox 782 882 877 954; x_wconf 85' lang='lat' dir='ltr'><strong>Prot.</strong></span> <span class='ocrx_word' id='word_1_26' title='bbox 907 881 1121 974; x_wconf 77' lang='lat' dir='ltr'><strong>apostolicos</strong></span> <span class='ocrx_word' id='word_1_27' title='bbox 1148 883 1271 956; x_wconf 75' lang='lat' dir='ltr'><strong>sacrm</strong></span> 
     </span>
    </p>
   </div>
   <div class='ocr_carea' id='block_1_3' title="bbox 528 1077 788 1264">
    <p class='ocr_par' dir='ltr' id='par_1_5' title="bbox 528 1077 788 1264">
     <span class='ocr_line' id='line_1_6' title="bbox 594 1077 716 1152; baseline -0.025 0"><span class='ocrx_word' id='word_1_28' title='bbox 594 1077 716 1152; x_wconf 82' lang='lat' dir='ltr'><strong>civil.</strong></span> 
     </span>
     <span class='ocr_line' id='line_1_7' title="bbox 528 1211 788 1264; baseline 0 -1"><span class='ocrx_word' id='word_1_29' title='bbox 528 1211 788 1264; x_wconf 81' lang='lat' dir='ltr'><strong>rrunrrvurv.</strong></span> 
     </span>
    </p>
   </div>
   <div class='ocr_carea' id='block_1_4' title="bbox 82 1325 1283 3668">
    <p class='ocr_par' dir='ltr' id='par_1_6' title="bbox 82 1325 1283 3668">
     <span class='ocr_line' id='line_1_8' title="bbox 129 1325 1274 1422; baseline 0 -23"><span class='ocrx_word' id='word_1_30' title='bbox 129 1325 170 1398; x_wconf 85' lang='lat' dir='ltr'><strong>lu</strong></span> <span class='ocrx_word' id='word_1_31' title='bbox 196 1325 309 1401; x_wconf 83' lang='lat' dir='ltr'><strong>enixos</strong></span> <span class='ocrx_word' id='word_1_32' title='bbox 339 1345 461 1422; x_wconf 79' lang='lat' dir='ltr'><strong>preces</strong></span> <span class='ocrx_word' id='word_1_33' title='bbox 492 1331 759 1403; x_wconf 84' lang='lat' dir='ltr'><strong>Eminentissimi</strong></span> <span class='ocrx_word' id='word_1_34' title='bbox 789 1338 822 1404; x_wconf 86' lang='lat' dir='ltr'><strong>et</strong></span> <span class='ocrx_word' id='word_1_35' title='bbox 853 1327 1147 1404; x_wconf 87' lang='lat' dir='ltr'><strong>Reverendissimi.</strong></span> <span class='ocrx_word' id='word_1_36' title='bbox 1166 1327 1274 1400; x_wconf 86' lang='lat' dir='ltr'><strong>Caroli</strong></span> 
     </span>
     <span class='ocr_line' id='line_1_9' title="bbox 83 1435 1271 1534; baseline 0.005 -29"><span class='ocrx_word' id='word_1_37' title='bbox 83 1435 176 1509; x_wconf 79' lang='lat' dir='ltr'><strong>lumi</strong></span> <span class='ocrx_word' id='word_1_38' title='bbox 190 1439 326 1514; x_wconf 80' lang='lat' dir='ltr'><strong>imadei</strong></span> <span class='ocrx_word' id='word_1_39' title='bbox 342 1441 442 1515; x_wconf 85' lang='lat' dir='ltr'><strong>Card</strong></span> <span class='ocrx_word' id='word_1_40' title='bbox 460 1442 509 1515; x_wconf 79' lang='lat' dir='ltr'><strong>lle</strong></span> <span class='ocrx_word' id='word_1_41' title='bbox 525 1443 664 1515; x_wconf 84' lang='lat' dir='ltr'><strong>Lanceis</strong></span> <span class='ocrx_word' id='word_1_42' title='bbox 680 1443 932 1534; x_wconf 81' lang='lat' dir='ltr'><strong>Archiepiscopi</strong></span> <span class='ocrx_word' id='word_1_43' title='bbox 952 1441 1049 1516; x_wconf 87' lang='lat' dir='ltr'><strong>electi</strong></span> <span class='ocrx_word' id='word_1_44' title='bbox 1065 1439 1271 1514; x_wconf 85' lang='lat' dir='ltr'><strong>Nicusiensis</strong></span> 
     </span>
     <span class='ocr_line' id='line_1_10' title="bbox 84 1550 1276 1646; baseline -0.003 -20"><span class='ocrx_word' id='word_1_45' title='bbox 84 1551 204 1642; x_wconf 79' lang='lat' dir='ltr'><strong>cllcgni</strong></span> <span class='ocrx_word' id='word_1_46' title='bbox 227 1553 441 1626; x_wconf 74' lang='lat' dir='ltr'><strong>serenissimi</strong></span> <span class='ocrx_word' id='word_1_47' title='bbox 465 1553 637 1628; x_wconf 80' lang='lat' dir='ltr'><strong>Sarrlimae</strong></span> <span class='ocrx_word' id='word_1_48' title='bbox 654 1554 754 1646; x_wconf 83' lang='lat' dir='ltr'><strong>Regis</strong></span> <span class='ocrx_word' id='word_1_49' title='bbox 769 1553 1019 1628; x_wconf 81' lang='lat' dir='ltr'><strong>Eleemosiuarii</strong></span> <span class='ocrx_word' id='word_1_50' title='bbox 1036 1550 1276 1626; x_wconf 85' lang='lat' dir='ltr'><strong>sanctissimos</strong></span> 
     </span>
     <span class='ocr_line' id='line_1_11' title="bbox 84 1659 1274 1753; baseline 0.002 -21"><span class='ocrx_word' id='word_1_51' title='bbox 84 1659 199 1736; x_wconf 82' lang='lat' dir='ltr'><strong>lunium</strong></span> <span class='ocrx_word' id='word_1_52' title='bbox 221 1665 342 1740; x_wconf 82' lang='lat' dir='ltr'><strong>Noster</strong></span> <span class='ocrx_word' id='word_1_53' title='bbox 366 1666 566 1740; x_wconf 81' lang='lat' dir='ltr'><strong>Benedictus</strong></span> <span class='ocrx_word' id='word_1_54' title='bbox 593 1667 654 1739; x_wconf 88' lang='lat' dir='ltr'><strong>PP.</strong></span> <span class='ocrx_word' id='word_1_55' title='bbox 682 1665 758 1738; x_wconf 77' lang='lat' dir='ltr'><strong>xlv</strong></span> <span class='ocrx_word' id='word_1_56' title='bbox 784 1665 896 1741; x_wconf 87' lang='lat' dir='ltr'><strong>auditu</strong></span> <span class='ocrx_word' id='word_1_57' title='bbox 921 1667 1008 1738; x_wconf 86' lang='lat' dir='ltr'><strong>Voto</strong></span> <span class='ocrx_word' id='word_1_58' title='bbox 1033 1665 1107 1738; x_wconf 88' lang='lat' dir='ltr'><strong>Sac.</strong></span> <span class='ocrx_word' id='word_1_59' title='bbox 1126 1663 1274 1753; x_wconf 84' lang='lat' dir='ltr'><strong>cougre-</strong></span> 
     </span>
     <span class='ocr_line' id='line_1_12' title="bbox 82 1775 1275 1872; baseline -0.002 -24"><span class='ocrx_word' id='word_1_60' title='bbox 82 1775 180 1860; x_wconf 81' lang='lat' dir='ltr'><strong>prono</strong></span> <span class='ocrx_word' id='word_1_61' title='bbox 207 1777 427 1872; x_wconf 89' lang='lat' dir='ltr'><strong>indulgentiis</strong></span> <span class='ocrx_word' id='word_1_62' title='bbox 458 1781 637 1871; x_wconf 83' lang='lat' dir='ltr'><strong>sacrisque</strong></span> <span class='ocrx_word' id='word_1_63' title='bbox 669 1779 830 1871; x_wconf 76' lang='lat' dir='ltr'><strong>nolucris</strong></span> <span class='ocrx_word' id='word_1_64' title='bbox 862 1777 1072 1871; x_wconf 78' lang='lat' dir='ltr'><strong>praepositae</strong></span> <span class='ocrx_word' id='word_1_65' title='bbox 1104 1775 1275 1849; x_wconf 88' lang='lat' dir='ltr'><strong>Universis</strong></span> 
     </span>
     <span class='ocr_line' id='line_1_13' title="bbox 82 1885 1276 1983; baseline 0.001 -26"><span class='ocrx_word' id='word_1_66' title='bbox 82 1885 211 1980; x_wconf 75' lang='lat' dir='ltr'><strong>numque</strong></span> <span class='ocrx_word' id='word_1_67' title='bbox 233 1909 340 1965; x_wconf 85' lang='lat' dir='ltr'><strong>serus</strong></span> <span class='ocrx_word' id='word_1_68' title='bbox 366 1891 643 1966; x_wconf 81' lang='lat' dir='ltr'><strong>christifidelibus</strong></span> <span class='ocrx_word' id='word_1_69' title='bbox 660 1909 739 1966; x_wconf 89' lang='lat' dir='ltr'><strong>vere</strong></span> <span class='ocrx_word' id='word_1_70' title='bbox 757 1890 1016 1983; x_wconf 88' lang='lat' dir='ltr'><strong>poenitentibus,</strong></span> <span class='ocrx_word' id='word_1_71' title='bbox 1034 1887 1214 1969; x_wconf 82' lang='lat' dir='ltr'><strong>mutassis,</strong></span> <span class='ocrx_word' id='word_1_72' title='bbox 1242 1891 1276 1958; x_wconf 90' lang='lat' dir='ltr'><strong>et</strong></span> 
     </span>
     <span class='ocr_line' id='line_1_14' title="bbox 83 1995 1275 2096; baseline -0.002 -24"><span class='ocrx_word' id='word_1_73' title='bbox 83 1995 104 2065; x_wconf 83' lang='lat' dir='ltr'><strong>S.</strong></span> <span class='ocrx_word' id='word_1_74' title='bbox 120 1999 343 2078; x_wconf 83' lang='lat' dir='ltr'><strong>donmnmone</strong></span> <span class='ocrx_word' id='word_1_75' title='bbox 367 2004 510 2089; x_wconf 87' lang='lat' dir='ltr'><strong>reiectis,</strong></span> <span class='ocrx_word' id='word_1_76' title='bbox 537 2005 597 2096; x_wconf 87' lang='lat' dir='ltr'><strong>qui</strong></span> <span class='ocrx_word' id='word_1_77' title='bbox 622 2021 836 2096; x_wconf 83' lang='lat' dir='ltr'><strong>quacumque</strong></span> <span class='ocrx_word' id='word_1_78' title='bbox 862 2003 940 2077; x_wconf 89' lang='lat' dir='ltr'><strong>anni</strong></span> <span class='ocrx_word' id='word_1_79' title='bbox 964 2001 1019 2076; x_wconf 89' lang='lat' dir='ltr'><strong>die</strong></span> <span class='ocrx_word' id='word_1_80' title='bbox 1035 2001 1173 2093; x_wconf 80' lang='lat' dir='ltr'><strong>Regiam</strong></span> <span class='ocrx_word' id='word_1_81' title='bbox 1190 1998 1275 2092; x_wconf 81' lang='lat' dir='ltr'><strong>Cap·</strong></span> 
     </span>
     <span class='ocr_line' id='line_1_15' title="bbox 82 2109 1277 2209; baseline -0.004 -21"><span class='ocrx_word' id='word_1_82' title='bbox 82 2109 167 2198; x_wconf 68' lang='lat' dir='ltr'><strong>clau</strong></span> <span class='ocrx_word' id='word_1_83' title='bbox 185 2115 422 2190; x_wconf 85' lang='lat' dir='ltr'><strong>Sanctissimae</strong></span> <span class='ocrx_word' id='word_1_84' title='bbox 435 2115 593 2190; x_wconf 89' lang='lat' dir='ltr'><strong>Sindonis</strong></span> <span class='ocrx_word' id='word_1_85' title='bbox 609 2123 836 2209; x_wconf 77' lang='lat' dir='ltr'><strong>nuncupatam</strong></span> <span class='ocrx_word' id='word_1_86' title='bbox 851 2114 1001 2189; x_wconf 86' lang='lat' dir='ltr'><strong>civitatis</strong></span> <span class='ocrx_word' id='word_1_87' title='bbox 1017 2113 1196 2186; x_wconf 81' lang='lat' dir='ltr'><strong>Taurinou.</strong></span> <span class='ocrx_word' id='word_1_88' title='bbox 1221 2109 1277 2184; x_wconf 89' lang='lat' dir='ltr'><strong>de·</strong></span> 
     </span>
     <span class='ocr_line' id='line_1_16' title="bbox 84 2221 1275 2323; baseline 0 -29"><span class='ocrx_word' id='word_1_89' title='bbox 84 2227 131 2294; x_wconf 86' lang='lat' dir='ltr'><strong>ute</strong></span> <span class='ocrx_word' id='word_1_90' title='bbox 150 2225 345 2302; x_wconf 75' lang='lat' dir='ltr'><strong>visitaverint</strong></span> <span class='ocrx_word' id='word_1_91' title='bbox 371 2228 485 2321; x_wconf 83' lang='lat' dir='ltr'><strong>ibique</strong></span> <span class='ocrx_word' id='word_1_92' title='bbox 501 2248 563 2323; x_wconf 90' lang='lat' dir='ltr'><strong>pro</strong></span> <span class='ocrx_word' id='word_1_93' title='bbox 580 2229 845 2302; x_wconf 81' lang='lat' dir='ltr'><strong>Christianorum</strong></span> <span class='ocrx_word' id='word_1_94' title='bbox 862 2228 1054 2319; x_wconf 91' lang='lat' dir='ltr'><strong>Principum</strong></span> <span class='ocrx_word' id='word_1_95' title='bbox 1079 2221 1275 2308; x_wconf 85' lang='lat' dir='ltr'><strong>Concordia,</strong></span> 
     </span>
     <span class='ocr_line' id='line_1_17' title="bbox 84 2329 1278 2434; baseline 0 -29"><span class='ocrx_word' id='word_1_96' title='bbox 84 2329 222 2412; x_wconf 80' lang='lat' dir='ltr'><strong>berosum</strong></span> <span class='ocrx_word' id='word_1_97' title='bbox 246 2341 482 2434; x_wconf 77' lang='lat' dir='ltr'><strong>ancupatione</strong></span> <span class='ocrx_word' id='word_1_98' title='bbox 507 2361 547 2414; x_wconf 88' lang='lat' dir='ltr'><strong>ac</strong></span> <span class='ocrx_word' id='word_1_99' title='bbox 578 2343 614 2414; x_wconf 87' lang='lat' dir='ltr'><strong>S.</strong></span> <span class='ocrx_word' id='word_1_100' title='bbox 640 2340 754 2416; x_wconf 82' lang='lat' dir='ltr'><strong>Matris</strong></span> <span class='ocrx_word' id='word_1_101' title='bbox 778 2339 946 2413; x_wconf 84' lang='lat' dir='ltr'><strong>Ecclesiae</strong></span> <span class='ocrx_word' id='word_1_102' title='bbox 971 2337 1179 2410; x_wconf 82' lang='lat' dir='ltr'><strong>Eraltatione</strong></span> <span class='ocrx_word' id='word_1_103' title='bbox 1204 2335 1278 2426; x_wconf 92' lang='lat' dir='ltr'><strong>pias</strong></span> 
     </span>
     <span class='ocr_line' id='line_1_18' title="bbox 83 2445 1277 2544; baseline -0.004 -21"><span class='ocrx_word' id='word_1_104' title='bbox 83 2445 193 2523; x_wconf 71' lang='lat' dir='ltr'><strong>cleon</strong></span> <span class='ocrx_word' id='word_1_105' title='bbox 214 2469 336 2544; x_wconf 89' lang='lat' dir='ltr'><strong>preces</strong></span> <span class='ocrx_word' id='word_1_106' title='bbox 368 2452 562 2538; x_wconf 81' lang='lat' dir='ltr'><strong>annuerint,</strong></span> <span class='ocrx_word' id='word_1_107' title='bbox 588 2452 833 2544; x_wconf 80' lang='lat' dir='ltr'><strong>indulgentiam</strong></span> <span class='ocrx_word' id='word_1_108' title='bbox 858 2450 1043 2524; x_wconf 90' lang='lat' dir='ltr'><strong>Plenariam</strong></span> <span class='ocrx_word' id='word_1_109' title='bbox 1069 2467 1130 2540; x_wconf 91' lang='lat' dir='ltr'><strong>per</strong></span> <span class='ocrx_word' id='word_1_110' title='bbox 1154 2464 1277 2520; x_wconf 92' lang='lat' dir='ltr'><strong>unorn-</strong></span> 
     </span>
     <span class='ocr_line' id='line_1_19' title="bbox 83 2557 1280 2658; baseline -0.012 -14"><span class='ocrx_word' id='word_1_111' title='bbox 83 2573 210 2653; x_wconf 77' lang='lat' dir='ltr'><strong>bouum</strong></span> <span class='ocrx_word' id='word_1_112' title='bbox 232 2565 343 2639; x_wconf 91' lang='lat' dir='ltr'><strong>semel</strong></span> <span class='ocrx_word' id='word_1_113' title='bbox 366 2571 495 2639; x_wconf 74' lang='lat' dir='ltr'><strong>butum</strong></span> <span class='ocrx_word' id='word_1_114' title='bbox 520 2566 555 2638; x_wconf 92' lang='lat' dir='ltr'><strong>in</strong></span> <span class='ocrx_word' id='word_1_115' title='bbox 582 2565 732 2658; x_wconf 87' lang='lat' dir='ltr'><strong>quolibet</strong></span> <span class='ocrx_word' id='word_1_116' title='bbox 756 2582 844 2638; x_wconf 91' lang='lat' dir='ltr'><strong>anuo</strong></span> <span class='ocrx_word' id='word_1_117' title='bbox 869 2558 1159 2650; x_wconf 82' lang='lat' dir='ltr'><strong>luoruaciendam;</strong></span> <span class='ocrx_word' id='word_1_118' title='bbox 1185 2557 1280 2631; x_wconf 91' lang='lat' dir='ltr'><strong>lusu-</strong></span> 
     </span>
     <span class='ocr_line' id='line_1_20' title="bbox 84 2669 1279 2770; baseline -0.013 -14"><span class='ocrx_word' id='word_1_119' title='bbox 84 2683 121 2756; x_wconf 86' lang='lat' dir='ltr'><strong>pu</strong></span> <span class='ocrx_word' id='word_1_120' title='bbox 139 2690 174 2746; x_wconf 86' lang='lat' dir='ltr'><strong>er</strong></span> <span class='ocrx_word' id='word_1_121' title='bbox 195 2677 299 2769; x_wconf 89' lang='lat' dir='ltr'><strong>gratia</strong></span> <span class='ocrx_word' id='word_1_122' title='bbox 325 2677 460 2770; x_wconf 89' lang='lat' dir='ltr'><strong>speciali</strong></span> <span class='ocrx_word' id='word_1_123' title='bbox 485 2677 604 2750; x_wconf 91' lang='lat' dir='ltr'><strong>lncolis</strong></span> <span class='ocrx_word' id='word_1_124' title='bbox 630 2675 782 2769; x_wconf 82' lang='lat' dir='ltr'><strong>ejusdem</strong></span> <span class='ocrx_word' id='word_1_125' title='bbox 800 2674 958 2762; x_wconf 72' lang='lat' dir='ltr'><strong>Civitatis</strong></span> <span class='ocrx_word' id='word_1_126' title='bbox 977 2691 1017 2746; x_wconf 91' lang='lat' dir='ltr'><strong>ac</strong></span> <span class='ocrx_word' id='word_1_127' title='bbox 1032 2669 1279 2746; x_wconf 83' lang='lat' dir='ltr'><strong>suburbiorum</strong></span> 
     </span>
     <span class='ocr_line' id='line_1_21' title="bbox 84 2775 1279 2883; baseline -0.004 -24"><span class='ocrx_word' id='word_1_128' title='bbox 84 2775 214 2860; x_wconf 76' lang='lat' dir='ltr'><strong>tonant</strong></span> <span class='ocrx_word' id='word_1_129' title='bbox 236 2790 424 2882; x_wconf 91' lang='lat' dir='ltr'><strong>praemissa</strong></span> <span class='ocrx_word' id='word_1_130' title='bbox 452 2789 690 2883; x_wconf 78' lang='lat' dir='ltr'><strong>peragentibus</strong></span> <span class='ocrx_word' id='word_1_131' title='bbox 715 2789 752 2862; x_wconf 91' lang='lat' dir='ltr'><strong>iu</strong></span> <span class='ocrx_word' id='word_1_132' title='bbox 776 2793 920 2879; x_wconf 83' lang='lat' dir='ltr'><strong>quatuor</strong></span> <span class='ocrx_word' id='word_1_133' title='bbox 946 2785 1018 2860; x_wconf 90' lang='lat' dir='ltr'><strong>aliis</strong></span> <span class='ocrx_word' id='word_1_134' title='bbox 1043 2781 1123 2858; x_wconf 90' lang='lat' dir='ltr'><strong>anni</strong></span> <span class='ocrx_word' id='word_1_135' title='bbox 1148 2782 1279 2866; x_wconf 90' lang='lat' dir='ltr'><strong>diebus,</strong></span> 
     </span>
     <span class='ocr_line' id='line_1_22' title="bbox 84 2892 1280 2996; baseline -0.003 -24"><span class='ocrx_word' id='word_1_136' title='bbox 84 2892 117 2964; x_wconf 81' lang='lat' dir='ltr'><strong>vel</strong></span> <span class='ocrx_word' id='word_1_137' title='bbox 134 2895 353 2976; x_wconf 75' lang='lat' dir='ltr'><strong>tolutaribus</strong></span> <span class='ocrx_word' id='word_1_138' title='bbox 380 2920 439 2996; x_wconf 90' lang='lat' dir='ltr'><strong>per</strong></span> <span class='ocrx_word' id='word_1_139' title='bbox 463 2901 635 2976; x_wconf 79' lang='lat' dir='ltr'><strong>bodamm</strong></span> <span class='ocrx_word' id='word_1_140' title='bbox 659 2899 971 2976; x_wconf 80' lang='lat' dir='ltr'><strong>Eminentissimum</strong></span> <span class='ocrx_word' id='word_1_141' title='bbox 1001 2903 1034 2972; x_wconf 88' lang='lat' dir='ltr'><strong>et</strong></span> <span class='ocrx_word' id='word_1_142' title='bbox 1057 2893 1280 2971; x_wconf 83' lang='lat' dir='ltr'><strong>Reverendis·</strong></span> 
     </span>
     <span class='ocr_line' id='line_1_23' title="bbox 84 3001 1280 3106; baseline -0.003 -22"><span class='ocrx_word' id='word_1_143' title='bbox 84 3001 171 3084; x_wconf 66' lang='lat' dir='ltr'><strong>deun</strong></span> <span class='ocrx_word' id='word_1_144' title='bbox 202 3015 385 3088; x_wconf 85' lang='lat' dir='ltr'><strong>Dominum</strong></span> <span class='ocrx_word' id='word_1_145' title='bbox 417 3014 625 3090; x_wconf 79' lang='lat' dir='ltr'><strong>cardinalem</strong></span> <span class='ocrx_word' id='word_1_146' title='bbox 661 3013 961 3106; x_wconf 89' lang='lat' dir='ltr'><strong>Archiepiscopum</strong></span> <span class='ocrx_word' id='word_1_147' title='bbox 987 3009 1094 3084; x_wconf 90' lang='lat' dir='ltr'><strong>semel</strong></span> <span class='ocrx_word' id='word_1_148' title='bbox 1118 3005 1280 3100; x_wconf 79' lang='lat' dir='ltr'><strong>eligendis</strong></span> 
     </span>
     <span class='ocr_line' id='line_1_24' title="bbox 86 3121 1282 3223; baseline -0.011 -19"><span class='ocrx_word' id='word_1_149' title='bbox 86 3123 185 3204; x_wconf 79' lang='lat' dir='ltr'><strong>tuba</strong></span> <span class='ocrx_word' id='word_1_150' title='bbox 198 3128 249 3201; x_wconf 89' lang='lat' dir='ltr'><strong>vel</strong></span> <span class='ocrx_word' id='word_1_151' title='bbox 263 3127 443 3202; x_wconf 80' lang='lat' dir='ltr'><strong>lesdvitate</strong></span> <span class='ocrx_word' id='word_1_152' title='bbox 464 3127 709 3223; x_wconf 89' lang='lat' dir='ltr'><strong>praedictamm</strong></span> <span class='ocrx_word' id='word_1_153' title='bbox 734 3124 770 3201; x_wconf 89' lang='lat' dir='ltr'><strong>id</strong></span> <span class='ocrx_word' id='word_1_154' title='bbox 795 3125 933 3217; x_wconf 80' lang='lat' dir='ltr'><strong>egerint.</strong></span> <span class='ocrx_word' id='word_1_155' title='bbox 947 3121 1133 3198; x_wconf 86' lang='lat' dir='ltr'><strong>Pleuariam</strong></span> <span class='ocrx_word' id='word_1_156' title='bbox 1158 3121 1282 3212; x_wconf 89' lang='lat' dir='ltr'><strong>pariter</strong></span> 
     </span>
     <span class='ocr_line' id='line_1_25' title="bbox 86 3231 1283 3333; baseline -0.007 -23"><span class='ocrx_word' id='word_1_157' title='bbox 86 3233 196 3309; x_wconf 76' lang='lat' dir='ltr'><strong>tobim</strong></span> <span class='ocrx_word' id='word_1_158' title='bbox 217 3246 435 3333; x_wconf 84' lang='lat' dir='ltr'><strong>peccalomm</strong></span> <span class='ocrx_word' id='word_1_159' title='bbox 459 3259 598 3314; x_wconf 90' lang='lat' dir='ltr'><strong>sucrum</strong></span> <span class='ocrx_word' id='word_1_160' title='bbox 623 3237 868 3331; x_wconf 84' lang='lat' dir='ltr'><strong>indulgentiam</strong></span> <span class='ocrx_word' id='word_1_161' title='bbox 893 3235 948 3310; x_wconf 90' lang='lat' dir='ltr'><strong>die</strong></span> <span class='ocrx_word' id='word_1_162' title='bbox 978 3238 1025 3307; x_wconf 77' lang='lat'><strong>26</strong></span> <span class='ocrx_word' id='word_1_163' title='bbox 1055 3231 1197 3324; x_wconf 77' lang='lat' dir='ltr'><strong>Augusti</strong></span> <span class='ocrx_word' id='word_1_164' title='bbox 1223 3249 1283 3302; x_wconf 90' lang='lat' dir='ltr'><strong>an·</strong></span> 
     </span>
     <span class='ocr_line' id='line_1_26' title="bbox 86 3350 872 3447; baseline 0.006 -31"><span class='ocrx_word' id='word_1_165' title='bbox 86 3355 115 3410; x_wconf 84' lang='lat' dir='ltr'><strong>to</strong></span> <span class='ocrx_word' id='word_1_166' title='bbox 134 3351 210 3421; x_wconf 82' lang='lat' dir='ltr'><strong>llll</strong></span> <span class='ocrx_word' id='word_1_167' title='bbox 235 3353 271 3426; x_wconf 90' lang='lat' dir='ltr'><strong>tn</strong></span> <span class='ocrx_word' id='word_1_168' title='bbox 297 3358 500 3447; x_wconf 87' lang='lat' dir='ltr'><strong>perpetuum</strong></span> <span class='ocrx_word' id='word_1_169' title='bbox 525 3351 671 3444; x_wconf 88' lang='lat' dir='ltr'><strong>benigue</strong></span> <span class='ocrx_word' id='word_1_170' title='bbox 696 3350 872 3424; x_wconf 81' lang='lat' dir='ltr'><strong>concessit.</strong></span> 
     </span>
     <span class='ocr_line' id='line_1_27' title="bbox 557 3458 1245 3538; baseline -0.017 0"><span class='ocrx_word' id='word_1_171' title='bbox 557 3465 615 3538; x_wconf 83' lang='lat' dir='ltr'><strong>Fu.</strong></span> <span class='ocrx_word' id='word_1_172' title='bbox 641 3466 670 3536; x_wconf 89' lang='lat' dir='ltr'><strong>l.</strong></span> <span class='ocrx_word' id='word_1_173' title='bbox 696 3464 799 3538; x_wconf 80' lang='lat' dir='ltr'><strong>Cano.</strong></span> <span class='ocrx_word' id='word_1_174' title='bbox 827 3463 1094 3535; x_wconf 81' lang='lat' dir='ltr'><strong>Poarccanunnc</strong></span> <span class='ocrx_word' id='word_1_175' title='bbox 1122 3458 1245 3528; x_wconf 80' lang='lat' dir='ltr'><strong>Purus.</strong></span> 
     </span>
     <span class='ocr_line' id='line_1_28' title="bbox 516 3569 1283 3668; baseline -0.017 -18"><span class='ocrx_word' id='word_1_176' title='bbox 516 3580 558 3653; x_wconf 75' lang='lat' dir='ltr'><strong>l.</strong></span> <span class='ocrx_word' id='word_1_177' title='bbox 592 3579 638 3652; x_wconf 86' lang='grc' dir='ltr'><strong>Μ.</strong></span> <span class='ocrx_word' id='word_1_178' title='bbox 669 3577 765 3650; x_wconf 76' lang='lat' dir='ltr'><strong>erbo</strong></span> <span class='ocrx_word' id='word_1_179' title='bbox 797 3576 893 3650; x_wconf 61' lang='lat' dir='ltr'><strong>Prot»</strong></span> <span class='ocrx_word' id='word_1_180' title='bbox 919 3571 1132 3668; x_wconf 76' lang='lat' dir='ltr'><strong>apostolicos</strong></span> <span class='ocrx_word' id='word_1_181' title='bbox 1159 3569 1283 3640; x_wconf 82' lang='lat' dir='ltr'><strong>secret.</strong></span> 
     </span>
    </p>
   </div>
   <div class='ocr_carea' id='block_1_5' title="bbox 601 3775 737 3848">
    <p class='ocr_par' dir='ltr' id='par_1_7' title="bbox 601 3775 737 3848">
     <span class='ocr_line' id='line_1_29' title="bbox 601 3775 737 3848; baseline -0.015 0"><span class='ocrx_word' id='word_1_182' title='bbox 601 3775 737 3848; x_wconf 81' lang='lat' dir='ltr'><strong>cuvflt</strong></span> 
     </span>
    </p>
   </div>
   <div class='ocr_carea' id='block_1_6' title="bbox 569 3935 762 3988">
    <p class='ocr_par' dir='ltr' id='par_1_8' title="bbox 569 3935 762 3988">
     <span class='ocr_line' id='line_1_30' title="bbox 569 3935 762 3988; baseline 0 -2"><span class='ocrx_word' id='word_1_183' title='bbox 569 3935 762 3988; x_wconf 82' lang='lat' dir='ltr'><strong>URBlS</strong></span> 
     </span>
    </p>
   </div>
   <div class='ocr_carea' id='block_1_7' title="bbox 93 4029 1291 4556">
    <p class='ocr_par' dir='ltr' id='par_1_9' title="bbox 93 4029 1291 4475">
     <span class='ocr_line' id='line_1_31' title="bbox 139 4029 1289 4134; baseline -0.009 -23"><span class='ocrx_word' id='word_1_184' title='bbox 139 4032 207 4111; x_wconf 77' lang='lat' dir='ltr'><strong>Corn</strong></span> <span class='ocrx_word' id='word_1_185' title='bbox 229 4043 314 4116; x_wconf 86' lang='lat' dir='ltr'><strong>sicot</strong></span> <span class='ocrx_word' id='word_1_186' title='bbox 340 4041 526 4116; x_wconf 83' lang='lat' dir='ltr'><strong>humillime</strong></span> <span class='ocrx_word' id='word_1_187' title='bbox 553 4040 785 4134; x_wconf 82' lang='lat' dir='ltr'><strong>exponebatur</strong></span> <span class='ocrx_word' id='word_1_188' title='bbox 810 4039 844 4112; x_wconf 94' lang='lat' dir='ltr'><strong>in</strong></span> <span class='ocrx_word' id='word_1_189' title='bbox 870 4035 1018 4112; x_wconf 84' lang='lat' dir='ltr'><strong>Ecclesia</strong></span> <span class='ocrx_word' id='word_1_190' title='bbox 1035 4033 1070 4104; x_wconf 87' lang='lat' dir='ltr'><strong>S.</strong></span> <span class='ocrx_word' id='word_1_191' title='bbox 1088 4029 1238 4104; x_wconf 85' lang='lat' dir='ltr'><strong>Silvestri</strong></span> <span class='ocrx_word' id='word_1_192' title='bbox 1255 4035 1289 4102; x_wconf 88' lang='lat' dir='ltr'><strong>et</strong></span> 
     </span>
     <span class='ocr_line' id='line_1_32' title="bbox 93 4133 1289 4256; baseline -0.014 -28"><span class='ocrx_word' id='word_1_193' title='bbox 93 4133 233 4256; x_wconf 43' lang='lat' dir='ltr'><strong>&amp;olicae</strong></span> <span class='ocrx_word' id='word_1_194' title='bbox 256 4155 413 4228; x_wconf 78' lang='lat' dir='ltr'><strong>Fratrum</strong></span> <span class='ocrx_word' id='word_1_195' title='bbox 429 4155 597 4228; x_wconf 87' lang='lat' dir='ltr'><strong>lllncmm</strong></span> <span class='ocrx_word' id='word_1_196' title='bbox 615 4151 893 4226; x_wconf 81' lang='lat' dir='ltr'><strong>conventualium</strong></span> <span class='ocrx_word' id='word_1_197' title='bbox 910 4146 1045 4220; x_wconf 89' lang='lat' dir='ltr'><strong>Ordinis</strong></span> <span class='ocrx_word' id='word_1_198' title='bbox 1066 4145 1101 4216; x_wconf 91' lang='lat' dir='ltr'><strong>S.</strong></span> <span class='ocrx_word' id='word_1_199' title='bbox 1123 4141 1289 4215; x_wconf 75' lang='lat' dir='ltr'><strong>Francisci</strong></span> 
     </span>
     <span class='ocr_line' id='line_1_33' title="bbox 94 4253 1290 4370; baseline -0.014 -31"><span class='ocrx_word' id='word_1_200' title='bbox 94 4253 346 4370; x_wconf 64' lang='lat' dir='ltr'><strong>clausule-im</strong></span> <span class='ocrx_word' id='word_1_201' title='bbox 371 4264 416 4340; x_wconf 89' lang='lat' dir='ltr'><strong>de</strong></span> <span class='ocrx_word' id='word_1_202' title='bbox 441 4266 526 4340; x_wconf 89' lang='lat' dir='ltr'><strong>urbe</strong></span> <span class='ocrx_word' id='word_1_203' title='bbox 552 4263 718 4357; x_wconf 80' lang='lat' dir='ltr'><strong>quaedum</strong></span> <span class='ocrx_word' id='word_1_204' title='bbox 736 4264 790 4357; x_wconf 88' lang='lat' dir='ltr'><strong>pia</strong></span> <span class='ocrx_word' id='word_1_205' title='bbox 807 4259 1067 4336; x_wconf 80' lang='lat' dir='ltr'><strong>Contratcmitas</strong></span> <span class='ocrx_word' id='word_1_206' title='bbox 1092 4255 1290 4344; x_wconf 10' lang='lat' dir='ltr'><strong>*cougrega-</strong></span> 
     </span>
     <span class='ocr_line' id='line_1_34' title="bbox 95 4361 1291 4475; baseline -0.017 -16"><span class='ocrx_word' id='word_1_207' title='bbox 95 4361 312 4475; x_wconf 74' lang='lat' dir='ltr'><strong>¹¹⁰l¹1ncupata</strong></span> <span class='ocrx_word' id='word_1_208' title='bbox 337 4379 458 4457; x_wconf 73' lang='lat' dir='ltr'><strong>boiol</strong></span> <span class='ocrx_word' id='word_1_209' title='bbox 484 4378 621 4456; x_wconf 77' lang='lat' dir='ltr'><strong>Amoris</strong></span> <span class='ocrx_word' id='word_1_210' title='bbox 654 4379 689 4452; x_wconf 83' lang='lat' dir='ltr'><strong>S.</strong></span> <span class='ocrx_word' id='word_1_211' title='bbox 724 4375 881 4468; x_wconf 71' lang='lat' dir='ltr'><strong>Caietam</strong></span> <span class='ocrx_word' id='word_1_212' title='bbox 912 4369 1073 4450; x_wconf 82' lang='lat' dir='ltr'><strong>canonico</strong></span> <span class='ocrx_word' id='word_1_213' title='bbox 1104 4363 1291 4458; x_wconf 83' lang='lat' dir='ltr'><strong>reperiatur</strong></span> 
     </span>
    </p>

    <p class='ocr_par' dir='ltr' id='par_1_10' title="bbox 182 4491 201 4556">
     <span class='ocr_line' id='line_1_35' title="bbox 182 4491 201 4556; baseline 0 0"><span class='ocrx_word' id='word_1_214' title='bbox 182 4491 201 4556; x_wconf 87' lang='lat'><strong>8</strong></span> 
     </span>
    </p>
   </div>
   <div class='ocr_carea' id='block_1_8' title="bbox 0 0 1597 4926">
    <p class='ocr_par' dir='ltr' id='par_1_11' title="bbox 0 0 1597 4926">
     <span class='ocr_line' id='line_1_36' title="bbox 0 0 1597 4926; baseline 0 0"><span class='ocrx_word' id='word_1_215' title='bbox 0 0 1597 4926; x_wconf 95' lang='lat' dir='ltr'><strong> </strong></span> 
     </span>
    </p>
   </div>
  </div>
 </body>
</html>
