3254 4914
314 329 372 410 ot·

359 459 405 525 111
425 460 570 526 Similiter
589 460 683 526 semel
704 460 736 524 in
758 459 947 525 bebdomada
968 460 1006 525 iis
1026 459 1145 539 diebus,
1166 458 1197 524 in
1213 458 1326 542 quibus
1337 459 1424 540 juata
1437 473 1514 542 prae·

281 556 333 622 lati
354 555 483 622 oratorii
504 556 645 638 llegulas,
666 571 720 620 seu
741 555 977 620 consuetudines
997 555 1036 621 ad
1055 571 1162 622 eorum
1181 555 1350 638 spiritualia
1369 555 1516 620 Exercitia

281 651 462 734 peragenda,
483 649 640 720 Souartun
661 648 834 715 Conventus
854 649 962 716 baberi
982 650 1090 730 solent,
1111 656 1142 716 et
1161 666 1231 716 vere
1252 651 1442 733 poenitentes
1455 665 1519 713 con·

281 746 354 814 lessi
374 761 409 812 ac
430 745 495 811 Sao
518 744 737 811 communione
758 745 861 810 reiecti
883 745 914 809 in
936 759 1128 827 quacumque
1148 743 1293 824 Ecclesia,
1319 745 1519 828 supradictam

284 839 457 908 Oratorium
478 841 673 920 visitaverint,
694 845 725 904 et
746 846 891 921 utsupra
912 841 1073 919 oraverint,
1093 845 1125 904 et
1145 841 1291 921 quoniam
1310 855 1401 921 saepe
1414 839 1521 904 contin·

283 936 329 1016 git
349 939 384 998 ut
403 935 517 1017 pluries
538 935 569 998 in
590 934 780 999 bebdomada
801 933 925 999 Sodales
945 935 1146 1014 conveniant,
1167 933 1232 1000 dies
1258 951 1314 1017 pro
1334 934 1521 1016 indulgentia

284 1029 423 1110 Plenaria
446 1029 658 1112 consequenda
677 1030 735 1094 erit
755 1029 793 1093 ad
815 1029 1007 1110 singulorum
1029 1029 1199 1095 arbitrium.
1220 1029 1361 1095 Monetur
1380 1035 1481 1094 tamen
1505 1045 1521 1092 a

284 1124 508 1189 bloderatorum
529 1124 695 1188 directione
715 1125 747 1187 in
769 1123 818 1187 bis
839 1132 869 1188 et
890 1125 921 1187 in
943 1125 1085 1189 omnibus
1105 1124 1309 1206 dependere,

367 1219 413 1284 il.⁰
432 1219 635 1285 moderatores
656 1235 726 1284 vero
747 1219 929 1300 Presbyteri,
951 1219 1069 1301 quoties
1091 1219 1341 1301 congregationis
1359 1219 1523 1286 Conirrtres

285 1330 340 1380 seu
361 1313 542 1380 Consorores
563 1313 739 1378 inllrmilate
760 1315 907 1394 delentos,
928 1313 1139 1395 spiritualibus
1160 1316 1293 1395 monilis,
1314 1316 1380 1380 sive
1404 1315 1442 1380 ad
1456 1331 1524 1380 mor·

286 1409 396 1476 borum
417 1409 608 1568 incommpnpa
629 1411 780 1491 patienter
801 1410 988 1490 tolleranda,
1008 1410 1071 1475 sive
1092 1409 1131 1475 ad
1151 1416 1280 1476 mortem
1302 1410 1341 1475 de
1362 1425 1457 1474 manu
1476 1407 1524 1472 liei

285 1505 417 1578 libenter
437 1511 558 1587 accepta
582 1506 662 1584 dam,
683 1505 862 1584 adiuverint,
883 1511 915 1569 et
935 1521 1038 1570 coram
1059 1506 1160 1586 aliqua
1182 1503 1326 1570 Crucillxi
1341 1505 1525 1588 Reparatoris

287 1600 388 1666 Nostri
410 1601 543 1682 imagine
565 1605 610 1664 ter
631 1599 738 1664 saltem
760 1599 933 1664 Orationem
953 1601 1153 1682 Dominicam,
1174 1605 1205 1664 et
1225 1599 1447 1666 Salutationem
1472 1601 1525 1663 ln·

286 1694 415 1776 galleam
433 1696 520 1775 iuxta
540 1695 695 1758 Pontiilcis
716 1701 746 1758 et
766 1694 798 1758 S.
818 1695 922 1758 blatris
943 1695 1094 1760 Ecclesiae
1114 1700 1248 1761 mentem
1269 1695 1307 1759 ab
1323 1695 1399 1776 ipsis
1415 1693 1525 1760 recitari

289 1789 475 1868 curaverint,
490 1805 550 1870 quo
565 1789 615 1852 die
638 1789 729 1853 iidem
751 1789 863 1853 inlrrmi
886 1789 1117 1854 sanctissimum
1137 1789 1367 1855 Sacramentum
1388 1788 1525 1854 Euchari-

289 1885 365 1948 stiae
386 1884 571 1964 sumpserint
593 1883 817 1964 indulgentiam
837 1883 1008 1948 Plenariam
1029 1885 1102 1965 ipsis
1122 1883 1273 1965 applicare
1297 1890 1436 1965 possunt

372 1979 418 2047 71
439 1978 665 2060 indulgentiam
684 1979 853 2042 Plenariam
875 1979 968 2044 semel
997 1980 1027 2043 in
1056 1977 1245 2043 bebdomada
1271 1994 1460 2058 concessam,
1487 1977 1529 2040 bis

289 2075 322 2138 in
343 2089 424 2140 anno
445 2074 555 2138 lucrari
577 2080 704 2155 possunt
731 2072 854 2138 Sodales
884 2075 975 2138 etiam
1002 2075 1027 2136 si
1055 2073 1158 2138 locum
1185 2073 1285 2155 ipsum
1306 2072 1449 2138 Sodalitil
1474 2087 1528 2136 non

290 2167 494 2246 visitaverint,
515 2167 680 2233 dnmmodo
707 2167 791 2232 aliud
817 2167 976 2249 'lemplnm
1003 2167 1143 2248 visitent,
1165 2167 1197 2231 in
1218 2184 1279 2249 quo
1304 2167 1529 2234 Sanctissimom

290 2260 520 2328 Sacramentum
539 2268 671 2343 sumant,
692 2269 722 2327 et
742 2263 894 2345 generalis
915 2263 1079 2344 Confessio,
1099 2263 1147 2328 vel
1167 2263 1262 2329 totius
1283 2267 1442 2331 artemiae
1458 2263 1529 2330 vitae

291 2357 338 2423 vel
358 2356 397 2422 ab
418 2355 525 2422 ultima
547 2357 681 2439 generali
702 2351 872 2440 praecedat.

573 2548 777 2632 indulgeatiee
794 2557 955 2632 perpetrm
974 2555 1083 2633 septem
1102 2566 1253 2616 ιιιιιιοιιιιιι
1393 2555 1396 2560 “

691 2645 866 2726 totidemque
886 2646 1147 2730 pomrogeuoroot

376 2830 423 2897 81
443 2830 501 2909 Qui
522 2845 646 2916 corpora
668 2833 825 2902 Sodalium
846 2833 893 2902 rel
914 2834 1044 2902 aliorum
1064 2833 1315 2902 cbristiddelium
1335 2835 1377 2902 ad
1403 2833 1528 2903 ecclesia·

295 2925 402 2992 sticam
422 2928 609 3010 sepulturam
629 2931 851 2996 associaverint.

375 3021 422 3086 91
442 3022 501 3100 Qui
522 3039 576 3105 per
596 3040 762 3108 campanae
782 3028 907 3109 signum
926 3029 972 3094 dc
998 3033 1135 3094 extremo
1166 3026 1295 3108 alicuius
1322 3026 1424 3092 tidelis
1442 3037 1530 3106 agone

296 3120 350 3180 aut
370 3118 499 3182 transitu
521 3118 667 3184 admoniti
687 3121 786 3187 Deum
806 3139 861 3204 pro
883 3123 997 3189 infirmi
1018 3124 1127 3203 salute,
1147 3128 1201 3188 aut
1220 3122 1287 3203 eius
1307 3121 1391 3187 lelici
1411 3119 1530 3186 transitu

297 3209 344 3276 vel
364 3227 419 3294 pro
440 3211 519 3276 lelici
542 3215 649 3296 requie
669 3216 783 3281 luerint
802 3218 968 3300 deprecati.

379 3305 524 3383 101οιιί
544 3309 682 3374 coetibus
696 3316 762 3376 tum
776 3312 917 3394 publicis,
932 3317 995 3378 tom
1009 3313 1144 3396 privatis,
1164 3310 1212 3378 vel
1233 3311 1353 3377 divinis
1365 3309 1472 3376 ciliciis
1491 3303 1529 3370 vel

297 3399 517 3484 spiritualibus,
538 3405 836 3471 sternutationibus

378 3495 525 3564 111111
545 3498 604 3580 piis
624 3499 731 3563 ciliciis
752 3501 874 3566 etiam
865 3519 896 3567 ιιι
919 3501 1076 3570 Sodalium
1089 3505 1135 3570 vel
1150 3503 1279 3569 aliorum
1291 3499 1530 3566 christifidelium

299 3589 699 3673 detunctorumsullragrum
709 3610 763 3674 per
774 3613 870 3677 rpsrus
881 3596 1132 3679 congregationis
1141 3597 1342 3663 lloderatores
1353 3591 1529 3661 ordinandis.

378 3683 445 3747 111
466 3685 524 3760 Qui
543 3687 653 3750 lllssae
672 3686 827 3754 Sacriilcio
848 3690 957 3756 diebos
977 3691 1092 3757 leriatis
1112 3693 1314 3758 interluerint.

379 3776 444 3842 131
464 3777 524 3854 Qui
544 3782 761 3848 conscientiam
781 3801 868 3851 suam
888 3784 1051 3867 diligenter
1071 3787 1311 3852 eramiirarerint
1325 3799 1448 3869 vespere
1461 3783 1530 3846 ante·

299 3887 389 3952 qoam
411 3872 549 3940 cubitum
570 3882 649 3941 eant.

339 4062 346 4076 ·
381 3967 446 4127 {4⁰
467 3969 525 4128 dui
546 3987 693 4054 pauperes
714 3973 851 4040 infirmos
873 3981 934 4042 tam
954 3975 1191 4058 sanctaenon
1207 3976 1281 4041 alius
1294 3975 1326 4039 in
1342 3967 1530 4056 hospitalibus

322 4079 347 4127 n
399 4081 423 4126 rs
861 4105 862 4110 ,

300 4079 322 4166 p‘
350 4080 593 4226 vallll’ellarcere
613 4162 750 4230 detentos
773 4166 966 4234 visitaverint.
