3134 4918
563 399 608 415 -
640 367 704 432 rar
734 400 779 416 -

71 495 181 590 probat,
205 515 246 572 ao
269 498 317 573 uti
342 497 573 574 autbentionm⁴
594 501 755 594 publieari
772 517 873 594 posse
893 507 1018 576 censet.
1036 501 1148 578 llonet
1170 509 1282 578 tamon

71 609 198 699 quodsi
221 610 258 684 in
285 628 500 704 quacumque
524 612 677 705 ejusdem
698 611 822 706 'epotis
838 610 1015 710 ‚editione
1042 631 1106 688 seu
1130 615 1285 692 versione

70 723 296 815 cujuscumque
312 723 482 799 idiomatis
494 730 563 799 tam
579 725 615 799 io
631 726 731 811 Urbe,
749 744 851 818 quam
869 732 963 802 entra
980 733 1113 818 exarata
1125 728 1180 800 uel
1196 747 1284 821 quae

70 836 180 908 exarui
205 837 385 928 contingat,
412 836 554 911 tlnbiom
571 839 707 931 aliquod·
723 838 869 913 subinde
882 840 1065 923 emerserit,
1075 839 1155 916 ¹sive
1172 840 1284 932 quoad

69 944 337 1038 indulgentiarum
354 949 599 1034 eoncessiones,
616 949 689 1022 sive
706 949 818 1042 quoad
837 951 1059 1044 praescriptas
1076 951 1283 1026 conditiones

68 1055 293 1151 adimplendas,
320 1059 364 1133 ad
388 1068 592 1153 postremam
608 1062 698 1135 bane
714 1060 894 1150 editionem
917 1064 1007 1156 typis
1032 1063 1199 1138 bliobaelis
1225 1065 1284 1138 Pe·
1382 1095 1386 1100 ·

66 1172 294 1260 regosalrioni
319 1174 469 1265 gnaviter
494 1184 655 1249 excusam
672 1181 705 1248 et
722 1174 756 1246 in
783 1175 890 1268 ipsius
916 1176 989 1248 Sao.
1012 1176 1284 1268 congregationis

65 1281 227 1356 seranna
254 1291 458 1358 asservatam
483 1303 640 1361 reoursus
666 1286 848 1375 habeatur;
867 1303 907 1358 ao
923 1292 1095 1379 praeterea
1124 1304 1285 1378 praesens
1388 1341 1392 1349 ,

64 1393 233 1480 borretum,
261 1402 300 1470 ut
324 1397 481 1472 omnibus
498 1397 777 1474 christifidelibus
803 1397 946 1490 patefiat,
964 1385 1193 1492 typis'pariter
1209 1405 1282 1472 tum

65 1505 134 1592 itala,
159 1526 238 1581 oum
264 1508 367 1584 latina
391 1508 503 1602 lingna
528 1510 732 1604 impressum
758 1508 800 1584 ad
832 1509 957 1583 eneam
982 1516 1186 1596 memoratae
1211 1509 1282 1584 edi·

64 1617 147 1693 tionis
170 1621 298 1714 apponi
323 1620 469 1707 mandat
495 1628 596 1714 atque
620 1622 780 1696 deeernit.
815 1640 829 1647 ·’

108 1732 243 1806 ,batum
276 1733 402 1830 ltomae
434 1750 478 1806 en
511 1734 584 1806 Sao.
618 1732 890 1837 congregationis
911 1732 1212 1825 -lndulgentiarum
1245 1749 1285 1805 ao

62 1840 121 1916 Sao.
143 1843 375 1938 lleliquiarum
400 1845 582 1920 secretaria
607 1844 661 1920 die
688 1849 734 1918 30
760 1845 967 1938 Septembris
995 1849 1101 1920 itti.
1170 1885 1197 1904 .‚

665 1956 701 2031 C.
728 1957 833 2033 Cano.
858 1956 1076 2050 Cnsrnnonon
1098 1958 1220 2032 Pnnnr.

550 2135 554 2142 ,
624 2069 772 2145 Atootos
799 2069 882 2144 coa
912 2067 1115 2143 Prinziootti
1140 2069 1253 2144 Subst.

613 2265 716 2340 unx.
770 2249 772 2255 “

595 2411 736 2466 bttuts

120 2519 258 2595 Aeterni
274 2515 335 2592 bei
351 2519 577 2594 lnsorutabilis
595 2517 742 2593 Altitudo
760 2518 859 2591 nullis
885 2516 1149 2610 compraehensa
1174 2514 1284 2590 limiti·

58 2628 121 2716 bos,
145 2631 208 2707 sed
233 2630 410 2706 ineffabilis
423 2637 458 2705 et
472 2632 638 2704 immensa
654 2631 703 2702 sie
727 2647 789 2722 per
805 2647 875 2715 eos,
894 2629 953 2722 qui
966 2629 1129 2704 haetenus
1143 2628 1179 2701 in
1191 2625 1284 2702 Sede

60 2741 137 2818 Beati
152 2745 245 2820 Petri
269 2746 440 2820 Romanae
464 2744 633 2818 Eoolesiae
662 2742 885 2836 gubernacula
910 2747 1101 2827 tenuerunt
1120 2741 1286 2836 Populum
1417 2735 1420 2744 ’

60 2853 278 2932 tunsionum
289 2857 515 2952 spiritualibus
532 2856 697 2930 alimentis
713 2855 831 2928 nutriri
852 2854 957 2928 voluit
971 2862 1009 2928 ut
1028 2871 1090 2948 per
1106 2854 1180 2947 ejus
1196 2850 1285 2928 dona
1440 2853 1442 2856 ’

60 2970 187 3058 gratae,
206 2969 278 3046 lide
294 2976 328 3044 et
344 2970 503 3045 ebaritate
520 2969 639 3044 muniti
657 2967 810 3042 eoelestis
828 2967 933 3058 ltegoi
950 2968 1100 3059 praemia
1124 2965 1288 3057 oonsequi

59 3090 252 3156 mereamor.
277 3083 363 3155 ilinc
387 3100 465 3156 eum
488 3082 558 3176 jam
590 3087 700 3154 ereeta
732 3078 891 3152 oanoniee
923 3077 1107 3170 reperiatur
1137 3076 1288 3168 piissima

58 3189 207 3268 &dales
226 3194 436 3268 Sanetissimi
448 3192 565 3267 (lerdis
578 3193 659 3266 lesu
671 3191 773 3264 uultui
789 3187 1018 3284 propagando,
1035 3205 1124 3279 qnae
1141 3186 1177 3258 io
1189 3186 1288 3258 Alma

58 3301 111 3376 bae
125 3307 215 3382 llrbe
242 3305 307 3380 sub
333 3305 596 3382 Eminentissimi
609 3303 706 3378 card.
720 3302 841 3376 Viearii
854 3300 957 3376 duotu
975 3316 1082 3395 penes
1099 3297 1194 3392 pium
1214 3313 1288 3370 ooe

57 3420 117 3489 tum
132 3417 496 3511 asrautonpostoto
510 3423 739 3509 nuncupatum
765 3415 952 3490 suberesoit
974 3418 1008 3488 et
1028 3413 1128 3504 longe
1151 3409 1287 3501 lateque

57 3529 248 3616 perOrbem
263 3528 478 3615 (lilinnditnr,
505 3547 661 3621 quaeque
690 3527 877 3601 innumeris
902 3521 1149 3619 propemodum
1173 3517 1286 3594 lodul-

58 3640 176 3726 gentis,
194 3657 236 3714 ao
248 3639 428 3732 privilegiis
445 3658 465 3712 a
481 3640 630 3713 Summis
646 3637 864 3712 Pontificibus
881 3636 984 3712 ditata
999 3635 1116 3715 luerit,
1134 3649 1179 3706 ex
1203 3647 1300 3720 qno,.

57 3752 295 3840 postulantibus
326 3753 496 3826 nonnullis
513 3751 752 3826 Eoolesiastiois
779 3751 858 3823 viris
884 3755 957 3822 tum
974 3745 1142 3840 dignitatis
1158 3742 1288 3815 bonore

58 3859 264 3954 fulgentibus,
289 3869 361 3939 tom
387 3863 557 3948 doetrinae
583 3880 621 3936 ao
645 3863 819 3956 probitatis
844 3861 1076 3951 laudemque
1102 3853 1290 3927 animarum

58 3973 120 4047 nelo
143 3977 199 4050 rel
225 3977 373 4050 maxime
398 3969 651 4060 commendatis,
677 3994 765 4050 nova
782 3973 958 4068 quaedam,
977 3989 1017 4044 ao
1038 3965 1214 4062 peculiaris
1231 3963 1290 4035 So

59 4085 149 4162 oeus
174 4089 213 4162 in
238 4088 377 4181 Templo
401 4087 564 4182 Deiparae
588 4086 734 4178 Virginis
760 4085 805 4158 (le
829 4085 914 4156 Paoe
946 4081 1012 4154 sub
1037 4078 1136 4152 certis
1157 4073 1287 4168 regulis

59 4199 207 4274 etmodis
220 4199 402 4286 efformata,
416 4205 518 4292 atque
534 4217 596 4294 per
613 4197 766 4291 ejusdem
781 4191 1042 4271 Eminentissimi
1054 4187 1154 4263 Urbis
1166 4183 1292 4260 Vitarii

59 4313 231 4404 moenita,
246 4313 437 4408 reprobata
450 4311 550 4390 tuerit
562 4311 616 4388 oui
629 4311 694 4388 sub
707 4309 813 4404 ipsius
834 4307 881 4401 pii
894 4310 1017 4384 coetus
1030 4296 1294 4382 litteratoribus
