3182 4922
726 374 772 392 -·
797 341 870 408 'tto
896 371 943 392 -

215 483 282 560 lnr,
299 476 351 552 ita
367 480 405 549 ut
421 493 483 548 nec
498 475 637 548 anniane
654 479 876 569 damnentur
892 493 970 550 cuns
985 476 1123 550 uelatis
1143 439 1302 560 Tabulis„
1309 478 1341 550 et
1359 477 1451 628 lua·

214 587 349 683 pinibus
372 607 482 664 mooe
506 589 796 663 substituuntur?

287 703 361 776 Soc.
384 701 606 794 &effugatio
622 699 666 774 ad
683 701 828 795 praetuta
844 701 947 778 dubie
969 697 1179 796 respondit
1166 701 1453 776 Affirmatine.

213 815 274 889 Dio
301 820 346 887 itt
371 813 572 890 Novembris
599 819 703 888 teto.

758 1015 903 1088 DLXXI.
1058 1088 1062 1096 ,
1117 1013 1122 1021 “
1172 1069 1176 1076 -

727 1161 938 1216 snnscosnns
1397 1200 1401 1208 .

289 1259 569 1362 archiepiscopus
596 1268 833 1359 Sprmsanus
847 1269 1020 1362 supplicet
1037 1270 1114 1342 Soc.
1135 1267 1258 1360 donar.
1277 1264 1461 1340 declarari

216 1385 338 1453 oreon
356 1381 392 1454 oi
412 1380 676 1474 'dispositionum
704 1379 834 1474 Capitis
858 1380 970 1453 ‹Cnm
995 1399 1038 1454 ex
1063 1399 1131 1453 eo»
1158 1385 1201 1452 ii
1220 1379 1263 1452 de
1280 1379 1459 1452 Poeniten.

216 1499 249 1566 et
274 1493 415 1565 Remiss.
443 1511 531 1583 once
556 1492 745 1566 concedunt
764 1491 1046 1586 Arcbiepiseopis,
1065 1498 1098 1566 et
1112 1493 1291 1586 Episcopus
1306 1492 1463 1586 {oculto-

217 1611 284 1678 tem
309 1604 545 1698 quadrapinta
578 1604 712 1678 dierum
745 1607 920 1678 occasione
945 1625 1078 1679 sacras.
1108 1605 1332 1699 functionum,
1361 1621 1459 1694 anae

216 1719 297 1810 ipsis
317 1719 572 1811 praesentibus,
598 1719 652 1791 oel
679 1718 872 1792 absentibus
900 1722 1129 1812 peropuntur,
1158 1719 1292 1811 possint
1321 1734 1464 1808 auoqtn

216 1829 395 1906 adnectere
408 1829 663 1923 lodulpentiorn
681 1830 917 1924 quadruplata
934 1831 1019 1906 dier.
1038 1832 1210 1924 aliquibus
1226 1829 1460 1922 inopinibns,

217 1961 275 2016 seu
293 1943 422 2016 Stolois
448 1943 492 2016 ab
518 1943 599 2036 ipsis
624 1941 855 2037 desipnaudis,
883 1943 1089 2018 lucrandam
1106 1965 1130 2017 a
1146 1942 1376 2024 visitantibus,
1403 1935 1465 2015 seu

217 2057 437 2130 recitantibus
463 2060 543 2128 onte
568 2075 626 2130 eas
651 2058 835 2131 nonnatlas
855 2057 1142 2151 praescribendas
1168 2055 1365 2129 orationes?

251 2189 256 2197 ’
291 2169 364 2241 Suo.
391 2168 610 2260 congregatio
627 2167 799 2261 respondit
823 2167 1064 2254 «affirmative,
1082 2168 1222 2243 servetis
1239 2176 1353 2241 tamen
1370 2166 1466 2261 Apo-

218 2281 342 2376 stolicis
368 2279 631 2354 ordinationibus
657 2282 743 2354 circa
768 2277 976 2372 fragilitatem
1002 2282 1219 2374 objectorum,
1237 2280 1363 2373 quibus
1390 2300 1466 2354 non

218 2401 296 2466 sunt
321 2391 548 2468 adnectendae
573 2393 826 2485 Indulgentiae»
850 2395 898 2468 Ita
923 2396 998 2468 Sao.
1021 2396 1219 2487 Congregat.
1247 2393 1301 2468 die
1327 2399 1374 2465 ut
1406 2393 1462 2466 ln·

220 2505 329 2580 noanii
356 2509 460 2577 1846.

756 2703 916 2778 nnxxn.

725 2850 854 2904 nnesnnn
878 2851 952 2904 noer

298 2953 446 3058 Quidam
465 2953 631 3030 Sacerdos
648 2957 821 3051 Hispanus
837 2960 873 3030 in
893 2957 1010 3032 Gallio
1037 2956 1160 3051 clepens
1177 2954 1312 3050 pannii
1328 2975 1378 3028 on
1398 2976 1468 3030 ces

221 3073 293 3144 sent
318 3067 556 3162 Indnlpentioe
581 3071 657 3144 liae
671 3070 803 3154 Crucis,
821 3072 850 3144 si
866 3089 938 3144 una
963 3070 1149 3144 durnluaot
1177 3071 1270 3144 Oresa
1291 3067 1406 3162 affixa
1423 3071 1468 3144 sit

222 3181 639 3256 mmmmmm
862 3191 865 3202 '

296 3294 370 3366 Soc.
396 3293 616 3387 congregatio
641 3296 815 3390 respondit
839 3295 1031 3389 «Negantes,
1058 3291 1241 3370 dummodo
1258 3295 1386 3370 Cruces
1409 3297 1470 3370 be

222 3404 373 3480 nediotne
398 3407 465 3480 sint
490 3407 533 3480 nb
559 3425 627 3480 nno
652 3427 696 3481 ex
721 3409 879 3484 iratribus
904 3409 1039 3483 Ordinis
1052 3411 1142 3484 biin.
1170 3409 1310 3484 observ.
1327 3407 1381 3480 ud·
1400 3409 1469 3482 hoc

224 3516 390 3611 deputato,
424 3517 477 3591 vel
503 3518 546 3590 ab
571 3519 634 3591 alio
659 3521 820 3594 saeculari
846 3521 1045 3614 Presbytero
1071 3523 1259 3597 tacuissem
1284 3519 1465 3596 habente»

222 3631 269 3702 lla
292 3629 471 3704 declaravit
495 3631 569 3704 Soc.
595 3633 716 3726 Congc.
744 3631 799 3708 dic
826 3639 873 3706 20
898 3634 1004 3710 Martii
1034 3639 1138 3708 1846.

754 3831 928 3906 DLXXlil.

650 4005 654 4018 ,
728 3975 857 4030 nnennnn
881 3975 957 4031 noos

297 4077 392 4152 ideas
404 4082 560 4172 postolat
576 4097 624 4152 an
640 4081 828 4175 [ccullctus
845 4085 894 4158 ad
911 4083 1176 4159 benedicendum
1194 4085 1368 4159 stationes
1386 4081 1470 4155 Viae
1580 4087 1581 4182 3

228 4191 344 4262 Crucis
369 4194 525 4264 teneatur
546 4197 625 4284 post
654 4194 781 4278 Crucis,
799 4215 857 4270 seu
873 4199 1040 4290 inopinis
1067 4197 1333 4272 benedictionem
1345 4213 1412 4289 pcr
1433 4213 1470 4266 se
1580 4241 1581 4246 Ν

226 4303 417 4394 repandis
435 4301 517 4376 loeis
534 4305 613 4378 illas
638 4305 797 4401 aldana
822 4311 876 4386 oet
892 4311 1014 4390 sallem
1030 4331 1075 4388 esc
1096 4309 1271 4390 Gctbedra
1295 4325 1470 4403 monere
