3182 4922
591 339 810 408 -513-

164 479 332 566 Quomom
357 478 462 551 otieui
488 479 746 550 insurrexerunt
771 476 953 550 odoersron
970 493 1033 560 mc,
1051 481 1082 555 et
1099 477 1202 570 sortes
1219 495 1321 570 orme·

95 595 212 668 sinum
237 594 394 666 ouinooru
418 609 550 664 mcum:
576 595 609 663 et
632 609 701 665 non
724 593 977 684 proposuerunt
1002 593 1114 664 Deum
1138 596 1219 664 onte
1245 611 1321 666 coo·

96 709 235 798 spectmt
259 723 370 778 suum.
536 775 540 784 .

156 819 239 891 Ecce
265 819 358 890 enim
382 819 473 889 Deus
498 815 644 906 odjnoot
668 835 740 889 me:
759 823 791 889 ct
807 817 974 890 Dominus
997 821 1170 909 susceptor
1186 823 1235 894 est
1250 821 1325 891 oni·

94 949 162 1004 moe
183 949 293 1003 emor.

153 1044 277 1115 Aoerte
301 1043 437 1115 muto
423 1043 569 1116 mimicis
586 1041 687 1114 neon:
714 1041 775 1116 et
762 1060 798 1115 m
814 1041 959 1115 oeritote
977 1047 1041 1114 tuo
1058 1041 1215 1142 disperde
1232 1044 1319 1117 ittos.

152 1154 349 1230 Votuoterie
375 1155 578 1256 sacrificabo
605 1153 679 1235 tibi,
705 1158 737 1226 et
762 1153 946 1248 confitebor
962 1154 1098 1228 nomini
1123 1157 1182 1228 tuo
1201 1156 1324 1228 ‚Domi-

89 1283 140 1338 ue:
165 1268 333 1358 quoniam
358 1267 484 1340 bouum
509 1273 568 1341 est.

154 1380 327 1466 Quoniam
352 1398 396 1452 ec
421 1382 515 1453 omni
540 1380 760 1454 tribulatione
763 1380 940 1472 eripuisti
966 1398 1038 1454 me:
1064 1385 1096 1454 et
1121 1399 1224 1474 super
1254 1382 1329 1455 oro

87 1493 181 1566 uices
207 1509 301 1565 meos
326 1489 480 1586 uespeeu
505 1492 622 1567 ocutus
646 1511 751 1567 meus
778 1493 889 1565 Gloria
916 1493 1003 1566 Petri
1029 1501 1090 1571 eu.

150 1611 183 1675 t.
212 1605 358 1697 Propter
383 1605 533 1696 ptoriom
558 1605 716 1679 Nominis
741 1606 792 1686 tui
817 1607 927 1683 iibere
951 1624 1022 1682 nos.

151 1737 184 1799 ιι.
210 1718 255 1790 Et
276 1717 450 1810 propitius
475 1723 543 1792 esto
564 1719 717 1811 peccetis
741 1720 865 1793 nostris
886 1723 1031 1812 propter
1058 1736 1180 1794 nornen
1210 1725 1319 1794 tuum.

603 1993 606 2002 ,
641 1935 767 1990 coruos

147 2059 271 2132 Preces
291 2057 415 2150 popuii
432 2015 482 2130 tui
500 2075 714 2148 quaesumus,
741 2057 896 2139 Domine,
924 2059 1102 2172 elementer
1124 2059 1265 2141 muudi,
1284 2065 1316 2134 et

86 2169 137 2260 oui
154 2171 248 2262 juste
268 2188 336 2262 pro
358 2169 509 2262 peccetis
541 2169 664 2242 nostris
698 2168 896 2261 offlipimur,
920 2189 985 2262 pro
1012 2168 1126 2262 plocio
1159 2171 1317 2244 Nominis

85 2283 129 2354 tui
152 2279 420 2356 misericorditer
446 2281 644 2368 tiberemun
665 2283 732 2354 Per
759 2280 929 2354 Christum
953 2282 1139 2360 Dominum
1163 2285 1320 2355 nostrum

150 2414 186 2476 u.
206 2394 333 2468 nmen.

152 2508 197 2580 Te
222 2525 305 2598 erpo
332 2483 543 2598 puocsumus¹
555 2507 620 2580 tuis
636 2457 778 2600 somniis
792 2506 944 2602 superem,
963 2523 1047 2600 quos
1058 2506 1210 2600 pretioso
1230 2508 1317 2581 Son·

84 2619 179 2709 cuine
205 2617 391 2694 redemisti.

645 2812 758 2888 ucrx.
776 2775 789 2786 ’

556 2960 649 3016 URBIS
674 2961 715 3014 ΕΤ
744 2957 836 3016 ortuis

150 3069 237 3143 Gom
262 3073 424 3144 statutum
450 3067 493 3142 sit
518 3065 711 3142 hominibus
727 3067 833 3141 semol
850 3072 979 3141 uotum
996 3025 1187 3154 morinis
1202 3071 1318 3150 mortis

82 3188 248 3258 momento
264 3179 410 3274 pendeat
426 3181 603 3256 aecornius
628 3179 699 3252 sive
716 3180 864 3272 gloriae
855 3197 889 3252 ro
907 3180 1048 3264 eaelum,
1074 3179 1146 3256 sivo
1162 3183 1318 3274 perditio

82 3293 129 3366 uis
153 3293 245 3387 apud
269 3293 405 3377 interos,
422 3310 609 3386 congruum
627 3297 688 3377 est,
707 3297 744 3382 ut
760 3309 878 3364 omnes
895 3290 1136 3364 christifideles
1154 3294 1225 3385 pias
1242 3313 1315 3367 sno·

81 3405 152 3496 pios
176 3425 296 3500 preces
321 3404 412 3500 apud
436 3407 543 3478 Deum
570 3407 701 3478 Patrem
727 3403 1030 3478 misericordiarum
1064 3402 1248 3490 effundant,
1274 3406 1317 3480 ad

82 3517 324 3612 implorandum
349 3517 401 3602 iis,
428 3518 487 3609 qui
513 3517 547 3590 iu
573 3523 724 3591 extremo
749 3517 836 3591 vitae
861 3522 949 3590 sumu
975 3517 1145 3591 constituti
1171 3517 1314 3591 unimam

83 3637 190 3722 agunt,
216 3631 349 3704 divium
363 3630 497 3723 ¹suatim
523 3629 694 3716 auxilium,
720 3630 794 3704 sine
819 3647 887 3722 quo
913 3629 1120 3724 impossibiie
1136 3637 1188 3704 est
1213 3635 1316 3704 acter-

81 3742 274 3817 nomnium
291 3742 436 3834 ingreou
463 3761 531 3834 quo
548 3741 596 3827 iit,
616 3749 651 3814 ot
667 3741 956 3816 elementissimus
972 3743 1135 3816 Dominus
1161 3741 1316 3817 eamdem

82 3861 111 3928 ot
136 3856 218 3948 ipsis
234 3855 497 3930 misericordiam
515 3873 577 3948 uro
594 3853 721 3928 infinita
738 3874 800 3928 sun
814 3855 963 3930 bonitate
980 3855 1151 3940 concedm
1167 3855 1230 3946 oui
1251 3854 1316 3927 hoc

82 3968 219 4042 caritatis
244 3968 393 4042 officium
409 3985 471 4060 pro
487 3966 634 4040 animam
651 3967 825 4057 agentibus
842 3969 878 4041 iu
895 3967 961 4040 vito
978 3967 1316 4060 praestiteriotaoua-

82 4085 212 4172 propter
237 4081 478 4156 sanctissimus
502 4078 808 4156 Dominus-Noster
833 4080 912 4153 Pius
938 4080 1000 4152 PP.
1025 4081 1073 4151 ix
1092 4085 1129 4152 ut
1154 4080 1314 4171 majorem

82 4189 114 4262 io
128 4193 266 4269 modurn
283 4193 417 4266 excitati
433 4191 672 4290 christifideles
689 4191 724 4264 io
740 4191 934 4284 hujusmodi
950 4193 1006 4284 pio
1023 4192 1182 4266 exercitio
1198 4192 1315 4266 orandi

82 4321 140 4392 pro
165 4307 309 4382 numiam
335 4306 513 4398 agentibus
538 4303 721 4388 intendant,
748 4305 973 4398 precibusque
998 4304 1076 4386 sibi,
1088 4305 1249 4398 porrectis
1272 4303 1314 4377 ad

203 4423 247 4490 33
