3182 4922
736 351 782 366 -
811 316 880 382 5:52
910 347 956 364 -

225 455 349 528 laribus
375 454 519 526 llammis
543 453 681 536 solube,
708 451 751 522 ad
776 469 999 544 supernorum
1025 449 1148 522 civium
1165 450 1357 522 societatem
1383 467 1465 522 evo

225 567 341 640 larent.
367 565 409 639 Ut
436 565 620 637 maximum
646 570 758 636 autem
791 562 919 636 eisdem
944 561 1120 636 animabus
1152 566 1386 654 procuraretur
1411 579 1469 634 so-

225 679 353 762 latium,
377 676 516 750 sedente
541 675 719 749 Benedicta
744 676 819 748 lllll
844 674 929 747 lelic.
956 692 1022 747 rec.
1048 674 1103 766 pia
1129 673 1294 766 quaedam
1317 671 1466 758 devotio,

226 809 328 882 quam
353 789 489 870 Votum,
514 806 575 861 seu
599 787 807 860 Oblationem
834 786 1010 879 appellant,
1028 805 1047 858 a
1065 787 1099 858 P.
1118 787 1157 858 D.
1175 787 1324 877 Gaspare
1344 783 1466 858 Oliden

225 920 269 976 ex
295 901 498 974 clericorum
516 898 729 991 llegularium
747 899 982 971 Tbeatiuorum
1000 897 1121 970 lumilia
1146 897 1208 970 luit
1229 897 1390 980 instituta,
1409 903 1469 969 aut

226 1014 344 1087 saltem
370 1031 430 1106 per
457 1012 663 1085 catholicum
688 1011 812 1084 Orbem
839 1016 1028 1103 propagata,
1054 1029 1117 1101 per
1141 1029 1244 1102 quam
1261 1007 1470 1082 christifide-

226 1128 274 1200 les
300 1127 409 1219 ipsam
435 1125 673 1218 amplectentes
698 1124 810 1196 omnia
835 1123 968 1216 propriu
993 1123 1162 1196 meritoria
1187 1139 1300 1215 opera,
1327 1120 1409 1194 dum
1430 1120 1468 1192 in

227 1239 324 1312 terris
356 1244 539 1321 morantur,
566 1255 605 1310 ac
629 1237 759 1328 singula
786 1254 903 1308 eorum
935 1235 1102 1327 sutfragia,
1135 1253 1213 1308 cum
1240 1253 1283 1308 ex
1307 1233 1372 1306 bac
1401 1233 1472 1306 ritu

227 1350 451 1434 decesserint,
478 1349 642 1422 deluuclis
667 1348 823 1422 lldelibus
848 1348 1006 1439 singulari
1032 1348 1153 1440 pietate
1178 1347 1340 1428 oderunt,
1367 1353 1472 1437 atque

229 1462 262 1536 in
289 1479 406 1534 corum
433 1460 557 1534 cedunt
580 1459 766 1544 utilitatem,
791 1459 949 1551 idemque
973 1458 1207 1551 praelaudatus
1233 1457 1387 1532 Pontilcx
1407 1459 1471 1530 Be·

226 1573 379 1646 nedictus
404 1572 478 1644 Xlll
504 1571 663 1646 omnibus
689 1572 775 1642 banc
801 1571 1002 1644 oblationem
1028 1569 1258 1644 emittentibus
1283 1569 1473 1662 peculiares

227 1685 384 1776 elargitus
396 1690 448 1756 est
460 1682 696 1774 indulgentias,
715 1701 800 1774 quas
816 1701 934 1756 rursus
947 1683 1137 1775 postulante
1150 1679 1347 1756 corumdem
1364 1681 1472 1754 Thea·

228 1797 374 1869 linorum
400 1795 592 1886 Praeposito
618 1794 771 1866 Generali
798 1794 853 1868 die
881 1799 924 1866 li
951 1795 1145 1868 Decembris
1182 1799 1276 1866 l788
1306 1797 1473 1868 Summus

229 1907 380 1979 Pontilex
406 1906 485 1980 Pius
510 1905 555 1978 Vl
581 1925 642 1978 suu
659 1907 852 1980 auctoritate
878 1905 1097 1990 confirmavit,
1115 1912 1149 1979 el
1165 1906 1200 1978 in
1226 1904 1404 1978 Audientia
1423 1910 1472 1976 30

229 2017 436 2112 Septembris
465 2022 558 2090 l852
586 2017 823 2090 sanctissimus
848 2019 1011 2090 Dominus
1028 2019 1148 2092 Noster
1174 2017 1252 2090 Pius
1270 2019 1332 2090 PP.
1351 2018 1399 2090 lll
1424 2017 1475 2088 in·

227 2131 393 2206 stantibus
418 2131 587 2204 nonnullis
612 2131 851 2204 Ecclesiasticis
875 2131 956 2204 viris
972 2149 1040 2204 non
1057 2131 1160 2204 modo
1177 2148 1235 2204 cas
1252 2130 1377 2203 iterum
1394 2149 1475 2204 con·

228 2243 383 2328 firmavit,
411 2261 528 2316 rerum
554 2242 652 2316 etiam
680 2242 783 2316 voluit
807 2260 876 2328 eae,
902 2250 939 2316 ut
964 2242 1059 2329 inira,
1085 2243 1265 2316 declarare.

307 2363 338 2429 l.
356 2356 453 2444 Quod
469 2355 666 2430 Sacerdotes
690 2357 798 2448 ipsam
824 2356 1025 2430 oblationem
1051 2357 1246 2450 prolitentes
1263 2354 1400 2428 indulto
1417 2355 1474 2428 lll-

228 2473 309 2544 laris
334 2469 531 2562 privilegiati
557 2468 741 2561 personalis
765 2468 910 2560 gaudere
927 2471 1057 2562 possint
1081 2469 1221 2561 siugulis
1239 2469 1319 2542 anni
1340 2468 1474 2542 diebus.

303 2587 337 2654 Ξ.
363 2581 461 2668 Quod
485 2599 604 2654 omnes
621 2581 872 2666 Clrristliideles
898 2583 957 2674 qui
983 2582 1072 2655 idem
1096 2588 1223 2666 votum,
1249 2600 1310 2656 seu
1336 2581 1476 2654 oblatio

227 2712 307 2767 nem
334 2694 498 2776 emittunt,
515 2692 759 2784 indulgentiam
776 2694 959 2766 Plenariam
977 2694 1133 2768 lidelibus
1150 2701 1280 2769 lantum
1305 2692 1475 2767 delunclls

228 2803 458 2898 applicabilem
483 2803 603 2876 lucrari
629 2812 754 2896 queant
779 2823 994 2898 quocumque
1020 2805 1075 2880 die
1092 2805 1134 2878 ad
1151 2807 1288 2878 Sacram
1315 2804 1476 2878 Commu·

227 2918 364 2990 niunem
382 2917 591 3002 accesserint,
610 2923 644 2990 el
660 2917 807 3010 qualibet
832 2919 913 2992 anni
938 2918 1018 2992 leria
1036 2919 1184 2992 secunda
1197 2918 1338 2992 Sacrum
1352 2919 1476 2992 Missae

231 3028 436 3102 Sacrificium
455 3029 490 3102 in
506 3029 701 3122 suffragium
724 3029 919 3104 eorumdem
937 3029 1171 3103 detunctorum
1193 3029 1342 3103 lidelium
1360 3029 1475 3102 audie·

230 3141 307 3226 rint
334 3140 517 3214 dummodo
542 3142 576 3212 in
602 3148 745 3234 utroque
770 3161 850 3214 casu
876 3141 1021 3234 aliquam
1046 3142 1248 3226 Ecclesiam,
1275 3159 1339 3216 seu
1364 3141 1474 3234 publi-

232 3271 310 3326 cum
336 3253 523 3326 Oratorium
541 3254 755 3340 visitaverint,
774 3255 887 3346 ibique
904 3272 965 3348 per
981 3253 1117 3347 aliquod
1140 3254 1301 3348 temporis
1328 3255 1475 3347 spatium

229 3365 325 3457 juxta
350 3371 496 3439 mentem
523 3365 710 3438 Sanctitalis
736 3365 824 3439 Suae
850 3366 904 3457 pie
930 3365 1107 3440 oraverint.

306 3480 339 3548 3.
366 3474 464 3561 Quod
480 3476 561 3568 ipsis
587 3475 866 3550 christifidelibus
882 3496 1003 3551 omnes
1020 3485 1054 3552 et
1073 3478 1222 3571 singulas
1246 3476 1476 3570 indulgentias

233 3605 448 3680 quocumque
473 3587 575 3662 modo
591 3607 780 3674 concessas,
798 3590 852 3664 rel
868 3591 903 3662 in
919 3595 1093 3684 posterum
1120 3589 1366 3676 concedendas,
1394 3609 1475 3683 quas

230 3699 351 3774 lucrari
376 3705 534 3792 possunt,
561 3701 736 3776 animabus
761 3703 885 3794 pariter
911 3701 1145 3776 deiunctorum
1171 3702 1341 3795 applicare
1368 3703 1474 3775 liceat.

308 3817 341 3884 l.
368 3810 466 3896 Quod
489 3817 526 3886 ut
552 3813 658 3903 magis
684 3831 724 3884 ac
747 3815 854 3905 magis
878 3813 1056 3887 animabus
1082 3814 1306 3906 piacularibus
1332 3813 1477 3886 flammis

234 3922 373 3994 addictis
398 3941 546 4014 perennc
572 3923 735 3998 tribuatur
761 3927 922 3998 auxilium
948 3925 991 3998 erl
1017 3926 1162 3998 universi
1189 3925 1288 3998 Orbis
1314 3923 1475 3998 Cbrislili·

234 4032 326 4106 deles
352 4033 473 4106 dictum
499 4035 699 4108 ululaticuenr
726 4037 950 4120 exsolventes,
976 4043 1144 4130 quatenus
1161 4055 1248 4132 opus
1265 4037 1319 4122 sit,
1343 4037 1410 4110 buc
1426 4037 1474 4106 ln·

236 4141 365 4216 dullum
391 4149 569 4220 extensum
596 4147 767 4221 habeatur.
