3346 4924
304 337 350 404 28

270 467 377 532 eodem
393 467 482 531 modo
497 463 689 544 indulgentia
705 464 841 528 Plonavia
856 479 996 528 concessa
1011 469 1072 540 ost;
1089 463 1114 527 si
1131 464 1199 528 talis
1213 463 1333 528 Titulus
1347 481 1408 529 non
1431 465 1520 544 adsit,

271 561 435 642 cujuslibet
456 559 707 641 congregationis
727 559 897 626 Moderator
918 564 1016 641 potest
1034 559 1165 640 singulis
1186 559 1274 623 annis
1293 560 1407 642 eligere
1427 577 1521 642 quern

274 657 413 730 voluerit.

352 751 397 814 3.⁰
418 750 553 831 Utraque
578 748 724 814 festivitas
750 747 867 814 etiamsi
895 752 979 811 entra
1006 747 1107 811 iocum
1128 745 1266 812 Sodaiiiii
1287 748 1468 828 celebretur,
1489 759 1522 816 et

270 845 309 910 ad
332 845 427 910 aliurn
448 844 530 909 diem
558 844 635 908 inira
663 859 788 918 aunum,
809 842 960 908 etiamad
981 839 1062 906 diem
1083 841 1277 906 Dominicum
1305 844 1519 926 transieratur;

270 940 443 1022 praedictae
464 938 675 1020 indulgentiae
695 955 732 1002 eo
755 937 805 1002 die
825 953 886 1018 quo
907 935 1077 1000 celebratur
1103 937 1231 1016 testum,
1248 942 1280 1000 et
1299 937 1336 1002 ad
1358 937 1471 1020 ditare,
1486 942 1520 1006 in

271 1053 332 1116 quo
360 1034 531 1099 celebratur
558 1049 718 1098 concessae
746 1039 833 1110 sunt3
853 1032 945 1096 etiam
965 1031 991 1094 si
1013 1030 1168 1096 incidisset
1189 1048 1226 1095 eo
1252 1033 1302 1096 die
1329 1033 1439 1098 testum
1460 1036 1517 1100 du·

271 1130 351 1210 pler,
365 1144 427 1210 quo
447 1145 519 1192 casu
540 1144 602 1192 una
622 1128 713 1192 llissa
729 1127 832 1192 liotlva
854 1125 1005 1192 Solemnis
1025 1124 1064 1189 de
1082 1125 1259 1206 huiusmodi
1275 1127 1351 1192 testo
1373 1128 1520 1196 translato

270 1224 417 1288 celebrari
440 1222 560 1304 poterit.

372 1410 579 1495 indcipentiue
598 1411 756 1477 Picnorv'ue
780 1428 836 1492 pro
856 1410 927 1474 solia
946 1411 1114 1486 Sodalibus
1135 1427 1190 1476 acu
1209 1409 1419 1476 Seduldiorm

613 1506 773 1585 illustris,
787 1525 841 1570 acu
853 1506 926 1588 ipsis
945 1505 1176 1572 insermentv'due

351 1698 395 1762 d.⁰
417 1698 483 1774 Quo
503 1697 554 1762 die
573 1697 605 1760 in
636 1697 832 1763 sodalitatem
846 1697 996 1779 quispiam
1012 1697 1166 1778 recipitur,
1180 1695 1205 1761 si
1222 1711 1289 1761 vere
1305 1697 1475 1777 poenitens,
1488 1705 1520 1764 et

271 1794 425 1858 contessus
446 1792 547 1868 luerit,
563 1791 731 1872 eodemque
752 1792 801 1856 die
822 1791 1037 1856 Sanctissimae
1056 1791 1267 1856 Eucharistiae
1288 1790 1519 1858 Sacramentum

270 1888 433 1968 sumpserit
453 1887 486 1950 in
507 1885 640 1949 Ecclesia
669 1885 722 1950 ubi
751 1885 902 1966 praedicta
924 1884 1073 1950 sodalitas
1100 1885 1201 1962 luerit,
1223 1886 1270 1950 vei
1295 1886 1347 1951 ubi
1376 1889 1519 1966 poluerit,

270 1983 440 2047 Pienariam
467 1981 605 2045 omnium
635 1986 828 2061 peccatorum
859 1997 985 2045 suorum
1010 1980 1235 2060 indulgentiam
1254 1986 1286 2044 ut
1307 1981 1517 2048 remissionem

269 2076 476 2156 consequitur.

350 2170 395 2234 tt⁰
418 2170 494 2234 item
514 2170 545 2234 iu
567 2169 705 2234 llrticuio
725 2171 838 2236 iiortis.

349 2265 395 2329 6.⁰
416 2266 492 2330 item
513 2265 649 2346 Sodales,
675 2267 728 2347 qui
756 2267 839 2330 iestis
860 2264 967 2330 diebus
987 2265 1111 2343 Natalis,
1126 2271 1156 2328 et
1177 2264 1372 2329 lisceusionis
1393 2265 1517 2332 Domini

269 2361 370 2425 Nostri
391 2361 462 2426 iesu
483 2359 612 2436 Christi,
633 2366 663 2424 et
684 2358 952 2438 tinnunciatiouis,
978 2360 1217 2440 Assumptionis‚
1246 2358 1460 2440 Conceptinuis
1488 2366 1519 2424 et

269 2455 440 2518 Natiuitatis
467 2455 501 2517 Β.
524 2455 563 2518 Μ.
586 2455 721 2536 Virginis
749 2471 817 2519 vere
845 2454 1033 2535 poenitentes
1063 2460 1093 2518 ot
1124 2454 1253 2518 conlcssi
1286 2453 1518 2520 Sanctissimum

269 2548 478 2613 Errclvaaistiae
490 2549 728 2614 Sacramentum
749 2551 862 2614 ibidem
883 2550 1078 2630 sumpserint.

349 2644 395 2707 7.⁰
417 2645 477 2707 Nec
499 2661 558 2706 non
581 2645 673 2708 semel
697 2646 728 2707 in
749 2644 938 2708 bebdomada
961 2645 992 2706 in
1015 2643 1052 2706 iis
1075 2644 1204 2722 diebus,
1227 2643 1258 2707 in
1288 2645 1402 2725 quibus
1429 2646 1517 2725 juxta

266 2738 438 2820 praedictae
458 2739 576 2802 Primae
590 2738 753 2802 Primariae
774 2741 836 2802 sive
857 2739 986 2802 aliarum
1006 2738 1078 2802 aiibi
1100 2745 1269 2804 erectarum
1291 2739 1337 2804 vei
1359 2740 1518 2820 erigenda·

266 2849 337 2896 rum
358 2830 635 2913 Congregationum
655 2849 691 2896 ao
711 2832 911 2899 Sodaiitatum
932 2837 1043 2897 statuta
1066 2849 1102 2898 ae
1122 2833 1253 2914 regulas,
1274 2851 1328 2898 seu
1354 2843 1517 2901 consuetu·

269 2927 366 3004 dines,
387 2926 544 2991 sodalium
571 2934 737 2991 conventus
764 2927 870 2992 baberi
892 2927 1005 3006 solent;
1027 2934 1058 2991 et
1080 2944 1148 2993 vere
1169 2930 1371 3009 poenitentes,
1392 2936 1423 2994 et
1443 2945 1516 2995 con·

267 3021 337 3085 lessi
358 3037 393 3085 ac
414 3021 445 3085 S.
467 3020 687 3086 communione
715 3023 817 3086 relecti
846 3023 1021 3101 Ecclesiam,
1042 3023 1105 3086 slve
1126 3021 1310 3103 cipporum,
1332 3023 1517 3103 oratorium,

266 3132 321 3180 seu
343 3116 443 3180 iocum
464 3115 704 3196 uniuscuiusque
718 3116 856 3181 Sodaiitii
879 3133 914 3180 ac
934 3116 1185 3198 congregationis
1207 3117 1405 3196 visitaverint,
1421 3125 1453 3182 et
1473 3120 1517 3186 ibi

266 3227 322 3290 pro
336 3209 579 3274 Christianorum
594 3210 769 3292 Principum
784 3212 955 3292 concordia,
966 3212 1127 3277 haeresum
1140 3212 1354 3293 extirpatione,
1364 3219 1395 3278 el
1409 3213 1441 3278 S.
1457 3215 1516 3280 lla·

262 3304 322 3367 -tris
342 3303 493 3368 Ecclesiae
514 3305 696 3369 exaltatione
711 3305 775 3388 pias
789 3305 827 3368 ad
841 3306 940 3370 ileum
960 3321 1064 3386 preces
1084 3304 1262 3384 eliuderint;
1277 3307 1397 3388 quoties
1412 3313 1515 3374 umen

266 3399 298 3462 in
319 3398 426 3462 eadem
446 3398 646 3478 bebdomada,
667 3405 719 3464 aut
740 3405 786 3464 ter
805 3401 992 3465 conveniunt
1011 3400 1146 3479 sodales,
1165 3401 1229 3466 dies
1243 3416 1297 3483 pro
1318 3401 1514 3484 indulgentia

265 3491 403 3558 Planaria
422 3493 645 3574 consequenda
665 3495 723 3558 erit
744 3493 780 3558 ad
803 3495 996 3576 singulorum
1023 3495 1199 3573 arbitrium
1220 3501 1384 3573 monentur
1412 3503 1514 3564 tamen

265 3586 390 3653 Sodales
411 3605 427 3652 a
445 3587 669 3652 iioderatorum
691 3588 857 3655 directione
878 3590 908 3654 in
932 3589 1031 3656 biset
1052 3590 1084 3654 in
1106 3590 1249 3656 omnibus
1269 3590 1453 3672 dependere.

345 3679 391 3746 89
412 3679 446 3745 in
467 3680 631 3762 sodalitiis,
653 3684 684 3747 in
706 3683 818 3764 quibus
839 3683 964 3750 Sodales
991 3699 1124 3766 vespere,
1146 3689 1249 3762 noctu,
1269 3699 1324 3750 sen
1352 3685 1411 3750 alia
1439 3703 1515 3768 qua·

259 3791 398 3857 cumque
418 3775 492 3842 bora
515 3782 582 3858 post
603 3777 762 3843 meridiem
782 3779 944 3844 convenire
963 3779 1072 3857 solent,
1086 3778 1151 3843 dies
1165 3795 1220 3860 pro
1235 3777 1428 3861 indulgentia
1450 3781 1515 3847 Plo

257 3863 350 3936 *naria
376 3870 600 3952 consequenda,
620 3870 670 3936 vai
690 3872 808 3953 eadem,
829 3873 876 3938 rei
896 3873 1085 3956 subsequens
1112 3889 1179 3938 esse
1207 3878 1316 3954 potest,
1340 3873 1379 3940 ad
1405 3891 1514 3942 eorum

267 3964 438 4030 arbitrium.

322 4049 325 4056 ’
344 4059 390 4122 ii.⁰
409 4059 612 4126 iioderatores
632 4061 770 4141 ejusdcm
790 4061 947 4128 societatis
964 4065 1036 4128 iesu
1051 4062 1223 4143 Presbyteri
1243 4063 1363 4146 quoties
1377 4063 1512 4148 Coum

264 4153 423 4236 gationum
442 4154 575 4235 Sotiates,
590 4162 643 4220 aut
662 4156 816 4223 llinistros
838 4157 1035 4238 visitaverint,
1049 4172 1162 4238 eosque
1182 4153 1392 4238 spiritualibus
1413 4157 1509 4222 moni·

263 4249 313 4329 tls,
333 4247 397 4314 sive
417 4249 454 4314 ad
475 4250 651 4318 morborum
671 4251 861 4319 incommoda
883 4253 1034 4334 patienter
1054 4249 1221 4328 toleranda,
1236 4249 1300 4316 sive
1320 4248 1359 4316 ad
1379 4255 1511 4318 mortem

1344 4343 1352 4376 l
