3164 4926
784 359 1002 430 -lld—

274 501 432 596 tluglstro
455 499 609 578 Generali
633 497 786 574 limtrnm
811 497 946 572 Ordinis
970 493 1237 570 maceratorum
1261 493 1355 585 erigi,
1381 507 1420 564 ac
1443 507 1509 586 pro

272 617 337 690 illis
361 615 589 710 apostolieum
614 615 720 688 Breve
737 625 814 687 cum
831 611 1050 704 lndnlgentils
1065 609 1267 699 cuicumque
1286 605 1512 681 conlratemi·

270 731 330 803 tati
355 731 515 804 canonice
539 735 670 803 erectae
696 733 730 802 et
754 725 932 819 erigendae
958 724 1154 818 generaliter
1178 720 1316 794 concedi
1337 719 1512 793 consuetis

273 843 436 936 expediri,
462 843 622 927 nonnulli,
650 849 744 916 extra
768 840 893 914 Urbem
919 855 957 912 ac
981 837 1161 932 praecipue
1184 833 1322 928 quidam
1346 833 1513 906 Ecclesia·

272 958 346 1030 ttici
371 957 442 1030 Viri
467 962 501 1031 et
530 957 709 1050 Sanguinis
733 953 920 1038 nobilitate,
954 959 988 1026 et
1011 969 1145 1024 morum
1170 949 1335 1042 probitate
1358 945 1513 1040 insignes

272 1084 316 1143 ex
341 1069 493 1144 Diaecesi
510 1069 766 1154 constantiensi,
784 1073 876 1140 recte
892 1065 1095 1149 dubilamnt,
1113 1081 1196 1137 num
1213 1059 1406 1154 hujusmodl
1422 1057 1514 1132 cnu-

270 1181 492 1256 lratemitates
509 1184 669 1256 canonice
684 1181 832 1274 reputari
849 1179 990 1264 ualeant,
1009 1195 1048 1251 ac
1063 1193 1179 1251 revera
1196 1175 1403 1249 subsistant?
1418 1175 1511 1260 Qua-

271 1311 311 1366 re
336 1313 453 1368 eornm
478 1297 615 1369 nomine
640 1295 707 1368 duo
724 1295 914 1370 subinserta
931 1291 1032 1365 dubia
1050 1309 1068 1363 a
1086 1291 1158 1362 Sac.
1177 1289 1439 1380 congregatione
1456 1288 1512 1360 ln·

270 1401 452 1498 dulgentiis
470 1410 648 1500 sacrisque
661 1408 823 1500 Reliquis
835 1405 1024 1500 praeposita
1037 1403 1172 1477 luerunt
1189 1403 1355 1476 exhibita:
1375 1407 1437 1472 lm
1453 1401 1512 1472 Aa

274 1519 426 1592 silaceis
441 1522 479 1592 P.
501 1521 661 1594 cenerati
676 1519 815 1594 Ordinis
827 1519 1114 1592 Praedicatornrn
1127 1535 1192 1610 per
1208 1515 1432 1590 &dinarium
1445 1515 1512 1587 eri·

272 1635 377 1722 gatar
412 1632 686 1726 confraternitas
720 1633 933 1706 sanctissimi
965 1631 1119 1710 linsarii,
1148 1627 1344 1722 confratres
1368 1627 1511 1720 reipsa

271 1742 435 1836 fucantur
461 1743 686 1838 indulgentiis
712 1748 750 1819 in
774 1746 878 1819 Breoi
902 1745 1095 1839 apostolico
1117 1761 1183 1836 per
1208 1741 1342 1814 eosdem
1372 1742 1509 1814 obtenta

272 1857 462 1948 capressis?
486 1865 520 1931 et
545 1865 712 1950 quatenus
738 1857 954 1931 affirmative:
980 1887 993 1920 ι
1019 1861 1083 1928 25⁰
1107 1883 1120 1917 ι
1144 1855 1198 1926 dn
1222 1853 1387 1948 daantar
1403 1853 1512 1926 etiam

272 1969 351 2041 otiis
376 1969 602 2063 indulgentiis
627 1974 664 2044 in
691 1971 780 2044 dicto
799 1971 902 2044 Brevi
919 1971 1114 2064 apostolico
1132 1969 1267 2041 obtento
1285 1985 1355 2038 non
1372 1983 1510 2058 copres-

271 2082 328 2164 ru,
347 2097 433 2173 qaas
450 2089 565 2158 tamen
583 2087 663 2159 aliis
684 2085 922 2178 confractas
941 2083 1154 2156 sanctissimi
1170 2080 1309 2153 Rosarc
1325 2100 1349 2152 c
1367 2077 1512 2153 diversis

272 2195 421 2267 &ommis
451 2195 671 2291 Pontificibus
703 2216 876 2270 concessas
909 2215 977 2270 esse
1010 2198 1161 2277 constat,
1187 2199 1225 2266 at
1256 2195 1292 2266 in
1317 2194 1508 2266 Dominicis

272 2307 464 2391 Menstrais,
483 2315 545 2382 aot
562 2311 641 2383 otiis
658 2309 799 2384 diebos?
823 2311 922 2383 Hisce
940 2316 1051 2382 autem
1065 2307 1175 2382 dubiis
1189 2307 1261 2380 Sao.
1279 2305 1406 2380 Eadem
1423 2305 1510 2379 cen-

272 2421 421 2512 grcgatio
445 2419 502 2495 die
529 2427 572 2495 re
598 2421 740 2516 Augusti
769 2427 862 2495 llll
889 2423 1055 2496 rationum
1085 2421 1265 2494 momentis
1290 2420 1377 2492 serie
1402 2425 1510 2493 matu-

270 2549 379 2625 reque
393 2537 568 2629 perpensis
584 2535 859 2630 respondendnm
876 2551 953 2610 esse
969 2535 1100 2610 censuit
1115 2534 1193 2607 »nd
1208 2540 1390 2625 utrumque
1418 2533 1510 2608 ‹Nc⁴

272 2645 421 2737 gativc.»
448 2651 497 2722 lle
517 2649 642 2742 qubus
662 2651 820 2724 omnibus
841 2649 925 2723 iacta
939 2667 1001 2743 per
1019 2667 1076 2722 me
1091 2646 1339 2740 infrascriptum
1356 2645 1511 2740 ejusdem

273 2761 346 2833 Sec.
373 2761 647 2856 congregationis
661 2765 884 2840 secretarium
905 2763 959 2838 die
980 2767 1027 2836 26
1048 2761 1205 2856 praedicti
1219 2763 1346 2835 mensis
1363 2761 1510 2834 Sanctis-

270 2873 357 2946 slmo
382 2874 525 2950 Domino
550 2878 671 2953 Nostro
698 2879 878 2953 Benedicta
894 2877 956 2951 PP.
975 2877 1052 2950 XIV
1068 2875 1239 2961 relatione,
1259 2873 1421 2948 Sanctitas
1442 2875 1512 2948 Sua

266 2983 452 3077 ipsammet
485 2994 602 3062 rotam
634 2991 780 3084 benigne
813 2989 1030 3088 approbando
1062 2989 1279 3064 confirmavit.
1317 2987 1367 3062 Ne
1395 2993 1511 3061 nmen

272 3095 467 3191 huiusmodi
493 3097 807 3177 confraternitatum
833 3103 1022 3179 inconsulto
1048 3101 1167 3178 eodem
1183 3101 1339 3194 Magistro
1355 3100 1512 3174 Generali

270 3218 457 3288 erectarum
481 3213 591 3288 terror
616 3221 774 3310 tepescat,
801 3215 864 3292 sed
888 3217 995 3311 magis
1021 3217 1196 3310 magisque
1220 3215 1351 3288 illarum
1375 3211 1512 3288 contra·

270 3329 361 3399 trum
386 3331 420 3401 et
444 3326 671 3404 consororum
697 3329 830 3405 daumio
856 3331 969 3426 potius
995 3333 1164 3424 augeatur,
1191 3347 1309 3404 omnes
1335 3331 1368 3403 et
1392 3329 1510 3421 singu-

270 3436 321 3512 las
346 3437 588 3535 cujuscumque
614 3440 898 3519 Contratemitatis
925 3445 1131 3519 sanctissimi
1164 3443 1292 3517 llosarii
1324 3433 1510 3516 erectiones

272 3551 306 3624 in
331 3553 476 3646 praelata
502 3555 749 3631 constantiensi
772 3557 925 3632 bloceesi
950 3539 1056 3631 inscio
1080 3555 1237 3649 ltlagistro
1259 3553 1392 3631 Ordinis
1409 3555 1510 3629 Prae-

273 3663 456 3742 dicatomm
482 3687 544 3764 pro
568 3677 720 3766 tempore
746 3672 911 3746 existente
936 3671 1082 3764 generali
1112 3671 1273 3744 haetenus
1291 3669 1393 3743 laetas
1418 3669 1513 3743 Motu

270 3781 416 3872 propria,
445 3799 483 3855 ac
508 3783 551 3857 dc
576 3783 783 3877 plenitudine
810 3785 898 3857 Suae
924 3783 1134 3877 spostolicae
1160 3782 1335 3856 Potestatis
1368 3783 1510 3868 sanavit,

272 3910 311 3966 ac
335 3893 460 3969 validas
487 3915 562 3970 esse
588 3897 789 3988 declaravlt3
815 3898 919 3970 immo
945 3897 1134 3990 praedictae
1158 3897 1328 3970 Dioecesls
1345 3894 1512 3969 constan·

271 4003 387 4080 tiensis
411 4009 575 4101 populum
600 4010 800 4101 specialibus
816 4005 985 4083 lareribus
1003 4011 1162 4104 prosequi
1179 4012 1306 4094 voleus,
1325 4009 1424 4083 etiam
1441 4009 1514 4082 Mo-

272 4116 389 4216 demo
403 4119 554 4212 ejusdem
581 4121 713 4194 Ordinis
739 4120 1007 4197 Praedicatomm
1033 4125 1189 4217 Magistro
1211 4122 1364 4196 Generali
1390 4121 1514 4194 humil·

266 4229 351 4305 lime
376 4231 602 4328 supplicante,
627 4233 773 4309 hiisdem
803 4237 1134 4312 confraternitatibus
1160 4237 1209 4311 sic
1233 4236 1352 4310 erectis
1376 4241 1514 4329 praeter

270 4339 497 4436 Indulgentiae
522 4345 557 4422 in
582 4349 773 4444 respectirc
787 4367 903 4427 earnnr
921 4349 1059 4429 obtemo
1074 4349 1172 4428 Brevi
1192 4367 1382 4446 expressas,
1408 4347 1513 4427 etiam
