3164 4926
604 335 821 404 -laa-

613 539 802 618 clxxxu.
925 539 930 558 '

155 695 242 772 Cum
260 693 406 770 durante
419 713 508 770 anno
521 695 716 772 universalis
732 697 871 773 lubilaei
885 716 1004 774 omnes
1015 697 1085 774 lere
1097 700 1327 796 Indulgentiae

92 810 153 884 siae
164 809 353 892 mariae,
368 808 441 883 siae
453 809 612 884 Partlales
623 810 786 902 suspendi
802 812 931 892 soleant
947 813 1000 887 rel
1012 831 1202 908 suspensae
1216 837 1324 894 reme

93 931 192 1006 neunt,
211 921 361 998 modunl
375 922 528 998 nonnulli
543 929 677 1014 tempus
694 941 829 1014 quoque
846 924 881 999 in
897 925 1058 1002 limatius
1088 929 1212 1020 apponi
1242 947 1322 1010 enne

91 1042 216 1111 meum
245 1035 423 1130 suspendi.
450 1035 597 1126 ldeoqne
613 1036 783 1128 proposito
807 1035 861 1110 lris
883 1035 1029 1130 desuper
1054 1038 1158 1120 dublo
1182 1067 1195 1104 ι
1218 1042 1273 1114 An
1288 1043 1328 1123 ic

91 1149 281 1242 hiennio
310 1151 367 1222 orl
392 1149 464 1222 olio
491 1149 640 1224 oracioni
664 1149 718 1224 uel
743 1149 893 1241 longiori
918 1155 1068 1243 tenpore
1098 1153 1135 1228 itt
1159 1155 1325 1234 ornem

88 1262 390 1354 indulgentiorem
410 1263 605 1356 praescribi
629 1263 730 1338 solito
756 1266 970 1355 computetur
994 1279 1106 1340 onnus
1122 1266 1325 1348 amoenits

88 1375 289 1450 didm»
309 1377 384 1450 Sao.
403 1375 623 1468 congregatio
635 1373 853 1467 indulgentiis
866 1377 1045 1468 samsom
1058 1378 1218 1470 delentis
1231 1399 1327 1472 prae·

88 1491 189 1582 posin
205 1489 305 1564 dietl
322 1489 532 1585 Septembris
552 1494 645 1564 ille
663 1488 939 1583 respondendum
956 1507 1032 1564 esse
1048 1491 1179 1566 censuit
1197 1519 1210 1565 r
1226 1491 1324 1570 Affir-

88 1603 204 1678 llltiite
230 1633 272 1676 ι.
886 1641 889 1648 ·

696 1728 862 1804 Hermone
887 1727 991 1804 duno.
1011 1729 1225 1804 Pan-Panno.

580 1840 622 1913 Α.
648 1843 694 1916 Μ.
721 1843 818 1916 lirltc
841 1844 935 1919 Prot.
962 1844 1174 1938 apostolicas
1200 1847 1324 1920 dene.

606 1981 810 2124 onxnnffl.
929 2119 933 2126 ,

579 2180 840 2240 ΤΟΙιΠΔΝΑ

152 2291 402 2366 Sancdmimos
426 2290 589 2364 Dominus
614 2293 734 2366 Noster
758 2289 958 2365 Benedictus
984 2291 1046 2364 PP.
1063 2291 1140 2364 XIV
1157 2292 1221 2385 piis
1238 2311 1326 2368 sere

88 2408 246 2480 nissimm
271 2406 394 2480 ldnrine
419 2406 584 2480 Barbarae
608 2403 795 2478 Catholicae
819 2404 1055 2496 Hispaniarum
1080 2405 1226 2495 Reginae
1245 2424 1322 2497 pre·

90 2520 180 2594 rinus
198 2518 274 2590 Sibi
293 2535 353 2610 per
369 2516 596 2610 subscriptum
617 2518 927 2592 Eminentissimum
947 2522 981 2590 et
996 2516 1325 2592 Reuerendissimum

89 2633 122 2706 o.
144 2635 189 2705 D.
216 2629 430 2704 cardinalem
455 2631 528 2703 Sec.
556 2629 832 2723 congregationis
857 2627 1142 2721 indulgentiarum
1163 2637 1197 2702 et
1213 2631 1327 2704 Sacra·

89 2765 158 2818 rum
175 2743 410 2836 lleliquiarum
424 2741 630 2817 Praeleotum
647 2743 700 2818 Fr.
717 2743 868 2816 loaolrim
885 2743 1116 2816 Portooorrero
1134 2743 1223 2836 apud
1240 2745 1322 2816 San-

91 2865 172 2930 ctam
199 2853 329 2930 sedem
353 2858 547 2949 Regnorum
572 2863 606 2930 et
630 2857 785 2930 Statuam
810 2855 1022 2928 serenissimi
1046 2855 1148 2949 llegls
1164 2856 1325 2931 Catholici

92 2971 318 3044 Protectorem
343 2969 524 3061 lleglisque
552 2971 700 3062 Negotiis
731 2968 959 3063 praepositum
992 2971 1176 3061 porrectis,
1203 2970 1327 3061 quinus

93 3087 186 3159 enine
199 3083 428 3177 supplicatum
440 3083 501 3156 init
513 3089 552 3157 ut
563 3081 745 3175 quamdam
757 3082 902 3154 luccam
919 3099 963 3154 er
980 3081 1053 3153 Sao.
1068 3079 1229 3173 Reliquiis
1240 3083 1324 3156 San·

93 3205 217 3272 dorum
231 3202 335 3290 proni
348 3196 383 3268 in
395 3195 547 3288 singulos
564 3193 728 3270 annidies
744 3195 875 3270 illorum
892 3194 1042 3268 Natalitie
1054 3211 1117 3266 seu
1133 3193 1326 3267 lascivitates

96 3315 284 3391 menmnnt
307 3307 443 3381 ditatam
469 3327 507 3381 ac
532 3309 730 3382 authenticis
753 3308 869 3382 litteris
885 3307 949 3380 rite
964 3306 1127 3380 munitam
1144 3313 1177 3380 et
1194 3305 1326 3398 abipso

98 3423 370 3498 liminentissimo
387 3429 420 3495 el
436 3421 729 3496 Reverendissimo
753 3421 896 3494 Domino
913 3417 1078 3493 Cardlnali
1102 3419 1212 3494 eidem
1232 3421 1327 3494 Sere

98 3539 252 3611 nisslmae
267 3535 415 3627 Reginae
441 3535 629 3608 Catholicae
654 3534 743 3607 dono
759 3533 882 3616 dnum,
909 3531 952 3608 ad
976 3531 1080 3605 diuini
1095 3533 1205 3606 collus
1220 3531 1327 3606 incre-

103 3657 255 3733 mentum,
275 3653 310 3721 et
326 3647 370 3719 ad
386 3647 628 3720 conterendam
653 3665 732 3739 erga
755 3645 986 3720 Beatissimam
1002 3646 1174 3737 Virginem
1190 3645 1327 3719 Mariam

101 3761 341 3836 immaculatam
358 3766 393 3832 et
408 3760 555 3851 reliquos
573 3761 712 3833 sanctos
738 3759 983 3832 catholicorum
1008 3759 1137 3850 Regum
1155 3763 1188 3829 et
1204 3757 1327 3830 rrloct-

99 3891 169 3965 pnn
181 3875 398 3950 devotionem
410 3873 538 3945 liberali
553 3873 746 3946 coelestium
761 3871 1045 3962 indulgentiarum
1062 3887 1239 3944 munerum
1258 3869 1324 3943 dis·

100 3989 288 4078 pmmtione
304 3985 531 4059 condecorare
547 3985 740 4078 dignaretur
755 3985 901 4076 benigne
922 3984 1097 4056 inclinatos
1123 3981 1178 4056 die
1204 3985 1251 4054 ΞΒ
1268 3984 1327 4056 Se

104 4103 252 4190 pennus
280 4103 377 4172 lile
395 4117 440 4172 er
457 4100 591 4191 speciali
617 4099 720 4191 gralia
745 4095 976 4172 serenissimis
992 4095 1202 4170 Fordinundo
1219 4093 1326 4169 Sexto

104 4209 324 4306 liupuninmm
350 4212 435 4304 llegi
461 4210 640 4295 demolire,
659 4209 838 4304 eidemque
858 4211 981 4286 Mariae
999 4209 1164 4283 Barbarae
1178 4209 1326 4301 lleginae

107 4323 238 4411 dauid,
264 4345 303 4399 ac
329 4323 563 4400 serenissimis
589 4325 740 4420 ipsorum
765 4325 941 4417 oniasque
965 4339 1070 4398 seruo
1094 4315 1194 4407 allis,
1208 4319 1327 4399 naut
