3134 4918
767 343 985 410 -380-

267 479 334 552 ulla
358 477 474 551 Brevis
500 475 724 570 expeditione.
750 477 872 550 batum
897 479 1023 550 Romae
1048 493 1091 548 ex
1116 479 1242 550 Secret.
1268 479 1342 551 Sao.
1361 477 1499 570 Congro

264 591 405 684 gationis
429 588 559 682 iudolg.
584 588 638 662 die
664 595 686 661 2
712 589 864 662 Octobris
892 593 997 662 1830.

904 703 945 774 it.
972 701 1076 775 Cano.
1100 703 1233 775 raosnr
1257 704 1383 779 Pnanr.
1460 789 1465 798 ι

810 815 851 886 Α.
877 813 1035 908 drcbicp.
1064 816 1304 907 Trapezoniio.
1331 817 1456 889 Secrei.

668 1161 931 1212 turncbcictcnrts
953 1161 1097 1213 croscum

470 1269 571 1319 rucco
592 1253 721 1317 botta
741 1252 945 1318 caecetur
965 1254 1006 1318 nt
1028 1253 1211 1319 OilelOlli
1232 1269 1299 1318 nnc.

646 1362 790 1442 Septimoe
810 1361 955 1424 Editionia
975 1363 1125 1425 Romanae

339 1487 500 1561 Coelestis
525 1487 808 1579 indulgentiarum
835 1488 983 1560 thesauri
1008 1488 1212 1580 dispensatio
1236 1487 1352 1578 magni
1371 1505 1503 1581 semper

268 1601 328 1674 init
353 1601 387 1672 in
412 1601 560 1674 Ecclesia
586 1600 765 1683 momenti,
791 1606 829 1673 ut
853 1599 1126 1674 christifidelium
1153 1599 1286 1673 devotio
1312 1608 1502 1690 augeretur,

266 1712 352 1786 tides
376 1711 643 1804 splendesceret,
671 1729 749 1804 spes
776 1712 902 1804 vigeret
928 1718 961 1786 oi
986 1713 1129 1785 ebaritas
1164 1712 1385 1786 vehementer
1418 1713 1503 1784 inca·

266 1827 417 1900 leseeret.
444 1827 554 1898 Sacris
580 1826 719 1919 proinde
745 1826 963 1917 indulgentiis
989 1829 1098 1900 varias
1124 1825 1307 1920 pluresque
1325 1827 1503 1908 orationes,

268 1955 306 2010 ac
332 1939 386 2030 pia
413 1957 514 2030 opera
531 1937 662 2010 Summi
679 1939 818 2010 Romani
836 1937 1015 2012 Pontifices
1032 1938 1137 2012 ditare
1154 1938 1246 2011 omni
1264 1942 1419 2030 tempore
1438 1943 1504 2010 stu·

267 2049 422 2124 duerunt.
450 2049 517 2122 Sed
543 2048 740 2142 aliquando,
766 2050 869 2122 immo
895 2051 994 2124 etiam
1021 2069 1157 2142 semper
1190 2051 1329 2123 euenire
1360 2050 1448 2122 solet
1473 2055 1506 2120 ui

266 2161 493 2254 indulgentiae
519 2163 622 2254 ipsae,
650 2181 794 2252 quorum
821 2180 903 2234 usus
929 2163 1117 2234 Christiano
1138 2161 1264 2254 populo
1286 2161 1439 2233 maxime
1458 2165 1505 2234 est

267 2275 431 2359 salutaris,
458 2294 526 2347 non
543 2275 723 2359 lucrentur,
742 2275 794 2346 rel
812 2276 890 2365 quia
907 2293 1022 2347 earum
1040 2275 1278 2347 concessiones
1299 2273 1504 2364 ignorantur,

267 2388 321 2460 vei
346 2388 424 2478 qnia
450 2387 493 2459 ad
519 2405 576 2460 eas
602 2386 822 2478 acquirendas
848 2405 935 2476 quae
959 2385 1247 2460 indiscriminatim
1272 2385 1307 2456 in
1338 2385 1506 2458 nonnuliis

267 2499 449 2590 opusculis,
477 2507 533 2571 aut
550 2499 723 2591 impressis
740 2498 825 2570 ioliis
843 2498 1066 2589 reperiuntur,
1084 2515 1148 2570 nec
1164 2498 1326 2589 singulae,
1345 2515 1411 2570 nec
1427 2499 1505 2570 inte

268 2627 347 2700 grae
372 2610 595 2701 praescriptae
621 2610 827 2682 conditiones
853 2609 1072 2682 declarantur.
1100 2608 1326 2695 Quamobrem
1344 2616 1503 2702 opportu-

269 2739 352 2794 num
377 2740 416 2792 ac
436 2721 663 2793 necessarium
678 2719 877 2812 jamdudum
896 2719 1069 2794 ridebatur
1085 2727 1122 2793 ui
1139 2721 1409 2814 quamplurimae
1426 2721 1503 2793 Ora·

269 2833 378 2904 tiones
404 2851 467 2904 nec
493 2851 560 2904 non
587 2833 640 2924 pia
665 2851 777 2925 opera,
806 2833 983 2926 praecipue
1008 2834 1062 2905 ilia
1087 2833 1211 2924 qulbus
1232 2852 1275 2906 en
1293 2833 1504 2926 generalibus

269 2945 542 3018 concessionibus
559 2945 774 3017 Summornm
793 2945 990 3018 Pontificum
1004 2943 1233 3036 indulgentiae
1247 2952 1328 3019 suni
1340 2945 1503 3028 adnexae,

270 3073 313 3130 ex
339 3057 409 3128 suis
436 3057 603 3148 germanis
624 3057 770 3129 lontibus
788 3057 928 3129 fideliter
949 3058 1076 3143 bansta,
1099 3064 1199 3148 atquo
1220 3056 1338 3130 ordine
1365 3056 1502 3149 digesta,

270 3174 303 3241 oi
328 3169 426 3240 simui
451 3168 586 3241 collecta
604 3170 636 3241 in
655 3169 773 3259 uulgus
791 3167 980 3242 ederentur.
998 3169 1036 3242 ld
1053 3169 1146 3261 quod
1162 3178 1233 3243 erat
1249 3171 1284 3242 in
1303 3171 1389 3243 votis
1405 3187 1504 3262 supe

270 3280 413 3354 rioribus
439 3282 535 3354 annis
561 3281 698 3373 perleoit
722 3282 814 3352 Alter
839 3300 881 3354 en
909 3282 959 3366 iis,
986 3283 1044 3373 qui
1071 3301 1089 3354 a
1111 3282 1279 3356 consuitis
1304 3288 1385 3356 sunt
1410 3301 1503 3374 prae·

270 3393 363 3466 eiecti
391 3393 491 3485 liuius
516 3393 589 3465 Sao.
617 3393 888 3484 congregationis
913 3392 1130 3485 indulgentiis
1148 3395 1328 3486 Sacrisque
1345 3395 1503 3485 deliquiis

270 3507 488 3598 praepositae.
516 3505 703 3577 Praedicias
736 3507 826 3577 enirn
859 3507 1033 3579 Orationes
1059 3525 1097 3579 ao
1122 3507 1176 3600 pla
1202 3508 1313 3599 Opera
1338 3507 1373 3578 in
1397 3523 1501 3578 unum

270 3619 427 3690 aoirrmen
453 3617 636 3708 diiigenter,
663 3617 725 3690 sed
750 3635 816 3690 non
843 3617 906 3689 leri
932 3616 1045 3690 labore
1071 3617 1210 3709 redegit,
1237 3619 1402 3709 injunctos
1427 3634 1503 3687 coii-

271 3731 432 3802 diolioues
458 3749 518 3822 pro
545 3731 625 3822 ipsis
651 3730 868 3821 indulgentiis
894 3730 1115 3820 assequendis
1141 3731 1332 3823 singillatim
1351 3729 1504 3823 esposuit

270 3843 426 3934 typisque
452 3843 627 3934 evulgavit.

345 3953 429 4026 Cum
454 3972 534 4027 voro
559 3953 647 4026 idem
666 3962 781 4028 auctor
797 3955 973 4048 septimam
998 3955 1192 4048 huiusmodi
1218 3954 1416 4028 collectionis
1442 3953 1506 4022 llo

271 4082 405 4138 manant
430 4065 628 4138 edictionem
661 4068 768 4158 magis
794 4073 943 4152 ariciam,
975 4069 1150 4169 magisque
1184 4073 1371 4140 accuratam
1402 4061 1504 4134 modo

270 4177 463 4269 imprimere
477 4179 681 4264 curaverint,
696 4179 813 4253 eadem
827 4181 900 4252 Sao.
916 4180 1136 4272 congregatio
1149 4179 1398 4273 praelaudatum
1409 4177 1505 4267 Opus

271 4285 362 4362 baud
388 4287 489 4364 dubie
513 4289 653 4381 perutilia
680 4291 815 4384 probat,
844 4309 881 4366 ao
909 4293 955 4366 nti
982 4292 1210 4368 arrtbenticum
1227 4290 1387 4386 publicari
1401 4303 1504 4382 posse
