3134 4918
779 335 996 402 --118-

728 663 732 671 ,
797 537 975 658 uxama.
1025 686 1028 693 ,

739 828 1030 906 conssortres.
1135 871 1138 878 ,

337 1039 522 1134 Episcopus
544 1039 715 1114 Eiaecesis
742 1039 999 1132 corisopitensis
1015 1039 1162 1112 Decreta
1178 1055 1237 1112 seu
1258 1037 1497 1131 Responsiones

265 1153 461 1244 expostulat
477 1170 501 1224 a
519 1153 595 1226 Sao.
609 1151 748 1244 donar.
766 1148 816 1224 ad
830 1156 1003 1242 sequentes
1014 1149 1261 1244 proponendas
1278 1151 1496 1242 quaestiones.

271 1279 273 1284 ’
340 1262 389 1335 l.⁰
417 1263 562 1350 0666616
588 1265 786 1358 Episcopus,
811 1255 937 1336 uirtute
961 1264 1196 1356 Delepationis
1214 1263 1444 1356 apostolicae
1466 1262 1498 1334 in

262 1376 415 1449 Ecclesia
430 1375 642 1462 Paracltiali,
660 1397 718 1450 seu
736 1377 931 1450 Succursali
948 1377 1058 1453 erexit
1074 1376 1232 1467 aliquam
1259 1374 1495 1456 sodalitatem,

264 1486 306 1560 de
322 1489 437 1560 Monte
456 1488 626 1571 Garruelo,
652 1489 789 1570 scilicet,
808 1489 946 1584 ltosarii
964 1492 1024 1561 etc.
1043 1507 1104 1561 uec
1120 1487 1303 1580 specialem
1329 1489 1499 1560 Rectorem

264 1598 467 1692 dempnamt
494 1599 662 1692 numquid
684 1599 887 1694 praedictae
912 1601 1084 1675 Ecclesiae
1117 1602 1243 1672 Pastor
1277 1599 1342 1673 ltoc
1369 1601 1443 1692 ipso
1473 1604 1499 1670 et

262 1711 391 1802 aisque
416 1712 491 1784 alia
517 1711 763 1804 desiccatione,
780 1712 957 1785 institutae
975 1712 1179 1786 sodalitatis
1199 1714 1323 1786 llector
1341 1717 1498 1792 censetur,

264 1827 296 1894 et
322 1821 442 1896 lateri
475 1821 581 1907 debet,
608 1824 723 1896 itaut
749 1825 786 1896 in
811 1825 910 1898 illam
940 1823 1123 1896 admittere
1154 1825 1273 1897 valeat
1299 1829 1332 1898 et
1358 1829 1499 1908 suaset

264 1933 416 2006 aliorum
448 1933 696 2016 Paraclulanos,
730 1935 905 2027 completis
936 1934 1207 2027 formalitatilrus
1236 1933 1381 2008 aliunde
1401 1953 1498 2028 proe-

262 2047 407 2139 soriptis,
433 2047 617 2140 speciatim.
636 2047 842 2150 benedicere,
868 2051 900 2119 et
925 2047 1099 2140 imponere
1126 2047 1370 2140 Scapalorial

336 2159 409 2232 Sao.
436 2159 666 2250 congregatio,
685 2159 805 2234 auditis
835 2159 1073 2238 consultorum
1097 2160 1195 2244 rotis,
1213 2158 1389 2251 rospondit
1418 2160 1498 2232 «Ne-

263 2271 390 2364 galina:
412 2278 554 2364 excepto
579 2270 791 2345 solummodo
817 2289 908 2356 oasu,
936 2269 1027 2363 qaod
1044 2271 1086 2342 ‚in
1113 2270 1166 2343 illa
1192 2271 1340 2344 Ecclesia
1366 2289 1429 2344 sea
1446 2271 1500 2343 Pa·

114 2435 117 2444 Δ
267 2383 356 2458 recia
381 2384 492 2458 nullus
506 2384 590 2457 alias
612 2392 721 2469 osset·
738 2383 795 2476 qui
816 2384 923 2476 possit
939 2383 1099 2457 destinari
1116 2390 1150 2456 et
1165 2390 1246 2456 tanc
1263 2401 1304 2456 eo
1323 2383 1397 2476 ipso
1415 2381 1499 2475 quod

262 2496 450 2590 Episcopus
476 2498 522 2571 ibi
549 2497 646 2589 erigit
671 2496 895 2582 Sodalitatem,
922 2497 1020 2570 tacite
1052 2494 1185 2569 videtur
1213 2497 1392 2596 Rectorem
1418 2495 1498 2568 desi·

263 2625 368 2700 gnare
392 2609 560 2683 Ecclesiae
582 2611 756 2682 Pastorem
781 2627 850 2681 non
873 2609 949 2700 jaro
973 2625 1036 2681 suo
1062 2606 1199 2694 utendo,
1226 2606 1289 2680 sed
1314 2605 1496 2680 sodalitatis

129 2786 133 2794 ,
163 2758 167 2770 »
262 2721 460 2794 necessitate
485 2723 660 2795 Rectorem
686 2721 877 2814 exigentis·

337 2831 580 2925 ifllmpedito
606 2836 761 2916 Pastore,
788 2831 957 2924 numquid
982 2833 1053 2924 citus
1085 2834 1218 2907 licarm
1237 2832 1430 2926 competunt
1449 2849 1497 2904 su·

257 2949 533 3036 pronurnerotae
557 2945 765 3039 facultates?
845 2971 846 2978 ι

333 3055 406 3129 Sao.
432 3057 654 3150 congregatio
672 3056 889 3152 respondit«
878 3055 1118 3140 «affirmative,
1137 2993 1323 3130 dummodo
1351 3055 1492 3130 licerius

264 3169 308 3242 sit
332 3167 376 3242 de
401 3170 536 3243 Gremio
562 3169 775 3243 socialitatis

335 3280 385 3354 3.⁰
410 3283 483 3354 Hoc
509 3287 662 3376 recepto:
693 3283 755 3356 llbi
780 3283 846 3354 Pia
873 3280 1049 3355 sonoritas
1067 3247 1196 3356 alioulti
1213 3283 1370 3374 eripitur,
1395 3281 1493 3354 neoteri-

259 3394 371 3468 notim
398 3393 648 3488 desipnandunt
674 3414 741 3468 esse
766 3395 862 3484 istius
888 3392 1102 3486 sodalitatis
1125 3395 1324 3484 llecftorem;
1347 3397 1490 3488 potestne

258 3507 445 3600 Episcopus
463 3505 643 3581 declarare
660 3508 813 3581 llectoris
838 3525 961 3579 munus
979 3507 1023 3579 ab
1042 3507 1213 3580 Ecclesiae
1238 3508 1395 3588 Pastore,
1412 3521 1490 3596 quoe

126 3667 130 3674 ·
262 3618 456 3692 sodalitate
482 3617 645 3702 donatur,
663 3622 916 3713 inperpetuum
932 3618 1006 3714 [ore
1024 3618 1230 3702 obeundum,
1248 3623 1281 3691 et
1297 3619 1420 3692 Pastor
1429 3631 1489 3708 pro

126 3779 129 3784 ·
260 3736 411 3824 ternpore
435 3732 565 3825 [ruitur
589 3751 632 3805 ne
657 3733 782 3816 virtute
809 3730 908 3821 iujos
933 3729 1180 3804 declarationis
1212 3730 1431 3824 facultatibus
1455 3726 1488 3796 in

255 3845 386 3934 prima,
414 3847 447 3916 ot
471 3843 625 3918 secundo
651 3845 847 3935 quaestione
871 3844 1106 3922 muneratis?

332 3956 406 4029 Sao.
433 3956 654 4048 congregatio
686 3954 861 4050 respondit
884 3955 1086 4047 «Negarem,
1112 3955 1177 4029 nisi
1209 3955 1397 4049 Episcopus
1420 3965 1486 4042 spe·

261 4065 361 4139 ciala's
385 4069 508 4144 haheat
532 4069 723 4158 facultatem
748 4087 828 4142 nam
845 4069 1000 4161 generice
1025 4063 1207 4161 loquendo,
1232 4067 1409 4160 quounms
1423 4059 1488 4134 fleri

261 4176 363 4252 (lebet
378 4180 538 4264 Rectoris,
565 4181 774 4273 aliorumque
791 4179 982 4255 officialium
999 4179 1355 4256 sodalitatisotcctio·
1380 4179 1421 4251 lta
1434 4171 1487 4245 (16

263 4289 400 4366 claravit
425 4293 498 4368 Sao.
526 4294 692 4386 congreg.
718 4293 779 4384 Die
806 4298 826 4364 7
853 4293 942 4368 lunii
972 4299 1080 4367 1812.Ι
