3164 4926
804 351 998 416 ...90-

353 487 456 560 Saura
471 485 693 579 congregatio
718 487 784 562 diei
814 491 829 558 i
857 487 1012 560 Octobris
1041 493 1133 562 iiii
1159 489 1332 583 respondit

356 595 411 670 Ad
437 602 499 672 ΗΠ
523 597 739 684 Affirmaiive,
762 597 829 671 sed
852 616 923 672 non
945 598 1051 674 lioote.

357 707 411 786 Ad
436 715 499 789 ΞΝ
525 711 699 790 Provisum
725 712 760 788 in
781 710 903 808 primo.

825 908 974 983 CXXIX.

787 1053 1018 1112 suessonum.

356 1164 442 1238 Cum
468 1165 582 1256 vigum
607 1163 729 1238 indulti
753 1163 875 1238 nitaris
901 1162 1099 1257 privilegiati
1123 1179 1183 1256 por
1207 1166 1412 1258 respectivos
1434 1166 1518 1238 iono-

283 1295 359 1350 rnm
383 1275 578 1350 ordinarios
601 1277 711 1351 semol
734 1283 865 1350 tantum
892 1273 1090 1366 designandi
1107 1277 1143 1349 in
1159 1277 1316 1350 omnium
1331 1284 1366 1351 et
1380 1277 1519 1368 siugulis

283 1387 444 1464 Fooiesiis
470 1389 573 1462 totius
598 1388 733 1462 Ordinis
758 1389 821 1460 FF.
839 1388 1062 1462 Eremitarum
1086 1389 1120 1461 S.
1142 1389 1316 1480 Augustini
1341 1407 1402 1482 pro
1418 1390 1520 1462 Feriis

283 1501 380 1592 juxta
405 1517 585 1575 numerum
610 1501 788 1575 Missurum
814 1501 849 1571 iu
874 1499 1008 1573 decreto
1033 1500 1100 1572 diei
1129 1506 1172 1572 it
1198 1501 1407 1592 Septmrhds
1427 1501 1517 1572 iiio

284 1625 487 1704 expressum
512 1611 675 1704 eligendis
701 1631 721 1684 a
745 1614 799 1684 Sa.
825 1613 889 1686 Me.
916 1612 1096 1686 Bonedioto
1122 1613 1196 1686 Xiii
1220 1613 1421 1705 generaidm
1445 1630 1519 1688 oon·

286 1725 386 1809 rossi,
412 1723 561 1798 Ecclesia
586 1727 620 1798 S.
646 1725 764 1799 Annae
789 1725 983 1799 Conventus
999 1725 1060 1798 FF.
1078 1725 1351 1800 anoiooatorum
1368 1723 1519 1818 ejusdem

287 1835 423 1910 Ordinis
456 1837 491 1910 in
520 1838 631 1930 Styrin
662 1837 830 1912 liioeuesis
861 1838 1143 1929 salisburgensis
1175 1839 1212 1910 in
1235 1855 1303 1930 qna
1328 1837 1517 1930 qarindeoim

286 1950 410 2022 Missae
433 1949 583 2040 quotidie
608 1949 872 2035 celebrabantur,
889 1967 1013 2042 nempe
1029 1949 1141 2022 Altero
1165 1951 1201 2022 S.
1226 1949 1422 2042 Annaeum
1438 1951 1517 2024 dua-

286 2060 352 2134 bus
376 2062 493 2145 Feriis,
521 2067 554 2135 ei
578 2062 689 2134 Altare
716 2064 748 2134 S.
777 2061 923 2154 Caietani
943 2079 1005 2154 pro
1023 2061 1084 2134 alia
1100 2061 1195 2134 Feria
1211 2063 1253 2134 ab
1269 2063 1446 2136 Ordinnrio
1462 2063 1517 2136 de·

285 2175 414 2265 signata
439 2175 630 2259 obtinuerit,
657 2191 696 2248 ao
720 2175 862 2267 proinde
885 2173 1027 2249 dubium
1053 2171 1365 2265 superhujnsmodi
1378 2173 1516 2269 duplicis

289 2285 409 2360 nitaris
422 2287 662 2379 designatione,
677 2305 740 2360 nee
759 2304 828 2361 non
847 2287 1024 2361 Missurum
1040 2286 1271 2358 immutatione
1286 2292 1396 2359 ortum
1411 2289 1514 2368 inerit,

286 2397 434 2471 formatis
461 2399 631 2490 quaesitis,
658 2399 782 2471 soiiioet
807 2399 918 2472 Primo
944 2425 957 2460 ι
983 2399 1038 2470 Au
1055 2397 1245 2489 desiuuotio
1262 2398 1401 2471 secordi
1426 2401 1516 2472 Aito-

285 2513 334 2585 ris
346 2513 569 2605 prioituoiuti-
586 2513 839 2585 substituentur?
864 2539 876 2576 ›
900 2510 1056 2585 Secundo
1085 2539 1097 2572 ι
1122 2511 1175 2582 Ao
1201 2515 1232 2584 ot
1250 2510 1421 2602 quomodo
1436 2533 1514 2605 pro·

284 2623 470 2698 uidendum
499 2625 543 2696 sit
574 2625 873 2698 inusserint»
907 2625 1017 2697 Tertio
1048 2651 1061 2685 ι
1092 2621 1342 2695 indiminuto
1376 2643 1513 2696 numero

169 2757 171 2763 ’
284 2737 469 2812 Missurum
489 2755 557 2828 nro
574 2736 759 2828 priuiieyio
778 2736 883 2808 trium
899 2737 936 2808 iu
953 2733 1171 2812 termnum
1187 2737 1380 2817 ranarum,
1398 2737 1515 2810 Alium

286 2847 504 2941 όιείᾳηαιιιηι
525 2849 786 2942 prioiiaot'utum
810 2853 991 2922 remanent
1002 2867 1070 2940 pro
1088 2847 1222 2920 duobos
1241 2849 1348 2921 Feriis
1363 2865 1442 2921 oum
1458 2867 1515 2920 rtu-

284 2975 378 3034 meao
404 2960 520 3034 desem
536 2962 721 3036 Missurum
738 2963 865 3053 absquo
881 2979 973 3034 onon
991 2959 1224 3052 dosiqoutiooe
1241 2961 1278 3033 iu
1294 2979 1377 3034 oosu
1394 2965 1503 3034 etei·

283 3074 357 3146 Sne.
375 3071 593 3166 congregatio
617 3073 835 3166 indulgentiis
860 3073 1039 3163 sacrisque
1064 3073 1225 3164 Reiiqniis
1241 3074 1443 3165 praeposita,
1460 3074 1514 3144 iro·

283 3187 352 3262 hita
378 3185 433 3258 die
462 3191 477 3258 i
508 3185 661 3260 nemoris
690 3191 781 3258 itit
809 3183 1000 3277 respondit:
1026 3183 1079 3256 Ad
1105 3186 1252 3277 primum
1277 3184 1464 3277 ‹Neguove
1480 3213 1511 3255 ι.

285 3297 338 3372 dd
361 3297 549 3374 seeundum
577 3325 591 3362 ‹
616 3297 878 3391 supplicandum
908 3297 1124 3370 sanctissimo
1153 3317 1215 3390 pro
1246 3297 1399 3371 monitate
1429 3298 1512 3371 desi-

285 3411 409 3503 gnandi
442 3412 588 3505 primum
619 3410 732 3484 Aitnro
764 3409 864 3482 otiam
897 3428 959 3504 pro
988 3410 1084 3484 Faria
1117 3411 1211 3482 tortia
1237 3439 1271 3483 ι.
1304 3409 1357 3484 Ad
1382 3411 1510 3484 tertium

298 3523 540 3597 «Affirmative
565 3553 599 3595 ».
625 3525 674 3595 De
700 3521 824 3614 quibus
850 3523 1006 3596 omnihus
1032 3529 1065 3595 et
1090 3522 1240 3613 singuiis,
1266 3523 1349 3596 insta
1374 3541 1436 3615 por
1459 3539 1511 3594 mo

286 3636 531 3729 inirasoriptum
557 3635 779 3708 secretarium
805 3635 869 3710 sub
894 3635 950 3708 die
973 3641 998 3708 ,3
1025 3634 1177 3726 ejusdem
1198 3636 1324 3708 mensis
1345 3634 1512 3708 Sanctissi-

286 3767 342 3822 mo
367 3750 509 3822 Domino
534 3747 702 3832 relatione,
730 3748 893 3822 Sanctitas
918 3748 986 3819 Sua
1012 3752 1126 3820 uotum
1152 3748 1225 3820 Sao.
1243 3746 1510 3840 congregauonis

285 3863 431 3954 benigne
456 3860 659 3954 approbavit.

829 3973 867 4046 C.
894 3971 998 4046 orno.
1024 3991 1066 4044 nn
1092 3974 1293 4048 iumomms
1319 3975 1440 4048 Fnrnr.

760 4085 800 4158 ri.
826 4087 874 4162 ti.
900 4085 995 4162 dido
1019 4087 1114 4160 Prot.
1140 4089 1351 4181 Apronium
1376 4089 1494 4162 moret.
