3182 4922
638 373 684 392 -
713 343 782 409 553
811 374 857 393 -

201 478 377 549 Praeterea
403 475 527 548 Eadem
553 475 717 548 Sanctitas
741 477 809 549 Sua
824 492 905 568 prae
922 473 1026 547 ocutis
1044 473 1172 546 babens
1197 481 1267 546 tum
1285 473 1365 548 ado·

1 589 2 626 ³
122 591 295 664 iescentes
309 587 458 661 nondum
475 588 518 660 ad
534 588 670 661 Sacram
685 587 964 661 communionem
979 585 1186 671 accedentes,
1200 592 1273 660 tum
1286 605 1368 661 vero

123 702 300 785 infirmos,
326 718 437 785 sance,
464 700 598 786 villicos
626 701 660 774 in
686 701 875 774 carceribus
899 700 1061 785 detentos,
1095 708 1312 791 caeterosque
1332 699 1370 781 fif

123 814 232 897 detes,
259 813 318 905 qui
343 812 467 886 autad
498 831 625 886 sacram
653 813 814 904 synaxim
847 812 1023 898 accedere,
1057 819 1114 886 aut
1139 813 1173 884 in
1200 811 1280 885 teria
1313 829 1368 884 se·

1 999 2 1006 a
123 925 238 999 cunda
265 926 403 997 Sacrum
429 926 549 998 Missae
574 925 779 1000 Sacrificium
805 924 920 999 audire
945 932 1137 1016 nequeunt,
1163 925 1197 996 in
1225 923 1369 996 Audien-

124 1040 170 1112 tia
184 1037 255 1110 diei
268 1041 316 1108 20
329 1037 526 1110 Novembris
542 1037 778 1112 tabentisanni
796 1039 976 1112 clementer
996 1037 1143 1123 indulsit,
1158 1044 1195 1110 ut
1211 1036 1370 1110 omnibus

125 1158 160 1224 et
186 1148 331 1240 singulis
357 1148 644 1233 christifidelibus,
671 1149 730 1241 qui
755 1149 902 1241 legitimo
927 1149 1166 1241 impedimento
1196 1153 1371 1240 nequeunt

127 1263 273 1334 Sacrum
300 1259 415 1334 audire
440 1261 473 1332 in
500 1261 579 1334 teria
603 1261 761 1344 secunda,
786 1279 847 1354 pro
869 1261 1086 1352 acquisitione
1110 1260 1370 1354 supraenunoia·

127 1381 183 1447 tae
209 1372 450 1464 induigentiae,
477 1373 511 1444 in
536 1373 685 1464 qualibet
710 1372 856 1446 secunda
882 1372 972 1456 teria,
997 1379 1166 1466 utsupra,
1191 1390 1371 1445 concessae

126 1485 333 1576 suffragetur
358 1485 459 1558 Missa
485 1503 587 1576 quam
613 1485 668 1558 die
684 1485 857 1558 Dominico
875 1504 918 1558 ex
936 1491 1112 1578 praecepio
1130 1473 1244 1558 audire
1258 1491 1372 1558 tenen·

127 1605 209 1686 tur;
237 1615 299 1689 pro
325 1597 481 1670 omnibus
507 1603 540 1670 et
564 1597 703 1688 singuiis
737 1616 817 1670 roro
849 1597 1022 1680 tidelibus,
1049 1596 1107 1688 qni
1134 1603 1189 1669 aut
1219 1596 1372 1670 nondum

128 1709 254 1780 Sacrae
281 1708 506 1781 Eucharistiae
531 1708 715 1781 sumendae
741 1727 891 1801 capaces,
918 1716 975 1782 aut
1000 1709 1145 1800 legitima
1166 1708 1227 1780 aiia
1244 1708 1373 1781 ratione

128 1821 195 1892 boc
221 1819 475 1892 Sacramentum
502 1839 637 1894 sumere
662 1828 845 1913 nequount,
863 1823 1008 1914 benigne
1033 1819 1163 1894 remisit
1183 1821 1372 1896 [acuitatem

130 1932 270 2006 arbitrio
296 1933 471 2025 respectivi
497 1952 558 2025 pro
584 1940 734 2026 tempore
759 1934 922 2006 Ordinarii
949 1936 1112 2007 Locorum
1131 1933 1374 2026 subdelegandi
1487 1973 1492 1982 ·

130 2043 365 2118 confessarios
391 2064 435 2118 ex
460 2045 650 2137 approbatis
676 2063 737 2136 pro
763 2053 948 2137 opportuna
975 2047 1228 2119 communionis
1250 2047 1284 2117 in
1302 2045 1374 2116 aliis

130 2159 196 2251 piis
223 2158 384 2250 operibus
410 2159 678 2232 commutatione.
704 2159 778 2232 Non
803 2157 1013 2230 obstantibus
1038 2159 1073 2230 in
1099 2159 1302 2231 contrarium
1327 2158 1374 2228 ta-

129 2270 301 2344 cientibus
326 2270 607 2362 quibuscumque.
634 2268 804 2342 Praesenti
829 2269 999 2360 perpetuis
1024 2269 1143 2342 tuturis
1166 2267 1375 2361 temporibus

128 2385 285 2466 valituro,
312 2382 441 2472 absque
459 2382 523 2454 utta
539 2381 653 2454 Brevis
671 2381 894 2472 expeditione.
912 2380 1032 2452 batum
1050 2382 1176 2454 Romae
1193 2399 1237 2453 err
1254 2381 1374 2453 Secre-

129 2495 214 2568 taria
241 2495 314 2566 Sao.
343 2495 463 2586 congr.
490 2493 617 2585 induig.
645 2493 699 2566 die
726 2497 772 2564 20
798 2491 996 2566 Novembris
1028 2496 1132 2563 tubi.

785 2605 822 2678 F.
850 2603 954 2678 Cano.
980 2603 1153 2687 Aspururos
1178 2603 1301 2676 Pater.

851 2719 891 2790 A.
921 2717 1081 2791 Columbo
1109 2717 1231 2790 secret.

671 2925 842 3002 ucxttv.

640 3111 876 3166 vunonem

602 3263 605 3268 .
721 3217 788 3278 'scu

624 3345 716 3396 uncrs
741 3345 782 3395 ur
807 3345 900 3396 oncis

213 3491 456 3566 sanctissimus
480 3492 644 3564 Dominus
668 3492 787 3566 Noster
812 3493 891 3565 Pius
915 3492 977 3564 PP.
991 3491 1037 3564 tx
1054 3490 1226 3567 Universis
1241 3489 1380 3563 Christi·

134 3605 299 3680 iideiibus
325 3605 491 3679 Coronam
517 3611 554 3678 ut
579 3604 662 3678 intra
687 3603 789 3677 corde
814 3604 931 3678 saitem
954 3605 1096 3678 contrito
1118 3621 1157 3677 ac
1180 3602 1300 3676 devote
1329 3617 1381 3674 re·

135 3718 322 3792 uitantibus
346 3716 589 3808 indulgentiam
614 3723 801 3790 tercentum
827 3716 956 3790 dierum
982 3717 1088 3789 semet
1103 3722 1232 3788 tantum
1250 3715 1283 3785 in
1302 3730 1383 3803 qua·

134 3831 223 3904 tibet
249 3828 303 3903 die
316 3827 554 3920 acquirendam
570 3829 716 3918 benigne
733 3829 916 3918 concessit3
934 3829 974 3900 iis
991 3845 1072 3901 uero
1093 3823 1381 3910 conturbatoribus,

135 3943 198 4035 qni
225 3948 527 4034 praememoratam
553 3941 717 4014 Coronam
739 3959 801 4033 por
820 3941 986 4032 integrum
1003 3957 1155 4012 mensem
1174 3937 1385 4010 recitaverint

135 4053 385 4145 indulgentiam
411 4052 596 4125 Ptenariam
621 4053 725 4126 semet
751 4055 786 4124 in
813 4052 962 4144 quotibet
977 4067 1095 4124 mense
1112 4047 1382 4122 tucritaciendam

136 4167 196 4241 die
222 4165 489 4257 uniuscujusque
507 4165 641 4238 arbitrio
659 4163 822 4256 eligendo,
841 4165 874 4235 in
892 4181 958 4254 qua
975 4181 1054 4235 rere
1070 4161 1280 4254 poenitentes
1302 4179 1383 4234 con·

138 4280 234 4363 fessi,
260 4296 424 4368 sacraque
450 4277 693 4352 communione
715 4275 826 4350 reiecti
845 4275 966 4348 tuerint
984 4281 1017 4351 et
1033 4275 1176 4366 aliquam
1199 4273 1382 4350 Ecclesiam
