3182 4922
502 323 806 427 ’-444-

173 493 217 566 4.ο
242 495 358 568 Utrum
382 495 558 590 supposito
583 496 676 570 ittius
696 493 986 588 promuipotionis
1010 493 1206 566 necessitate
1234 493 1316 590 Dpi·

114 623 211 698 scopus
225 609 545 702 quincunquepossit
561 609 641 682 illus
666 607 912 700 indntpentios,
930 605 972 678 dc
990 606 1163 698 potensin
1180 603 1320 678 3.⁰Da·

114 717 156 790 tto
177 719 297 811 opitur,
318 721 577 814 promutpore
564 740 601 794 sn
617 739 681 793 suo
706 720 870 804 Dinaeae]
897 717 999 792 ruodo
1025 737 1083 792 eas
1107 718 1252 810 reperiet
1268 735 1320 790 re·

22 809 24 868 A
114 829 187 904 totus
208 832 308 926 opud
324 835 489 908 Auctores
512 833 579 928 ficte
608 833 740 925 dipnos
767 833 871 908 aeri:
885 851 938 925 pr.
965 830 1078 926 opuct
1084 831 1241 915 Ferraria,
1267 831 1327 904 oet

112 941 140 1014 44
159 943 199 1016 La
222 945 372 1020 4444444144
397 953 485 1020 4444

168 1056 235 1130 Suo.
259 1057 478 1152 congregatio
503 1058 712 1152 responsis«
700 1055 928 1132 ‹Affirmatire
954 1075 1002 1130 444
1026 1074 1128 1149 supra
1148 1055 1319 1149 expositio,

110 1167 302 1256 utronno,
329 1171 372 1245 oo
397 1191 465 1264 qno
490 1171 524 1245 in
550 1172 638 1246 dioto
670 1171 772 1246 dubio
786 1201 821 1244 4.
854 1173 901 1246 lta
934 1168 1169 1250 declarandum
1195 1169 1324 1262 putauit

109 1278 167 1354 Soc.
191 1282 307 1376 congr.
334 1283 388 1360 4144
415 1289 457 1358 34
489 1285 629 1377 Augusti
657 1290 761 1362 4844.
818 1343 822 1350 .
899 1295 903 1312 ’

624 1433 781 1554 444444.

586 1627 817 1692 ausoauso..

166 1732 442 1836 Arcaiapiscopas
458 1735 674 1821 0444444444
688 1737 817 1832 Socrue
833 1734 1098 1827 Conprepotioui
1111 1734 1324 1826 quaestiones

107 1843 266 1919 4444444444
286 1849 480 1942 proposuit,
506 1852 544 1920 ut
570 1848 673 1940 intra.

169 1957 213 2028 t.⁰
241 1960 327 2032 Cum
352 1961 477 2033 virtute
502 1961 658 2052 rescripti
678 1963 717 2032 44
740 1947 933 2035 Decembris
962 1966 1056 2034 4844
1082 1980 1238 2034 caucaso
1254 1960 1325 2054 tue·

106 2067 143 2138 rit
163 2069 223 2160 ipsi
250 2073 393 2146 Oratori
426 2071 574 2164 facultas
608 2070 811 2144 declarandi
838 2074 1064 2165 prioitepiota
1093 2074 1243 2148 Attorio·
1260 2073 1323 2166 Ec-

107 2178 282 2264 ctesiornm,
311 2185 468 2274 quamuis
495 2189 568 2258 tota
593 2202 711 2258 menso
737 2190 1029 2258 consonatonon
1053 2187 1107 2266 sit,
1127 2186 1326 2275 quaeritare

106 2289 161 2364 tuo
184 2297 322 2368 Attorio
343 2298 476 2390 possint
503 2281 679 2369 declarari
701 2298 926 2390 priaitepiota
951 2299 987 2370 in
1013 2297 1132 2370 eodem
1161 2297 1323 2377 Dcotcsio,

106 2405 251 2497 unoque
277 2409 452 2501 supplicat.
474 2414 512 2480 ut
532 2406 983 2503 prioitepiuruappticandi
1008 2408 1262 2502 Indeipentiarn
1278 2409 1326 2481 sic

105 2533 283 2593 concessam
298 2519 507 2593 extendatur
521 2519 569 2593 od
587 2539 712 2604 omnes,
731 2526 763 2594 et
779 2521 930 2613 siuputos
944 2520 1142 2594 8444444444
1158 2520 1195 2592 in
1207 2518 1327 2592 iisdem

103 2629 263 2706 Attonitus
289 2652 427 2706 sucrum
448 2634 697 2732 peropeutitrus
714 2652 925 2726 quocumque
951 2634 1005 2707 ote
1018 2653 1083 2728 per
1100 2651 1240 2714 onnuru,
1259 2634 1327 2705 Do·
1417 2672 1421 2678 .
1446 2675 1450 2680 -

103 2743 219 2818 44444444
245 2750 394 2828 tantane,
422 2752 455 2819 et
479 2747 579 2841 [estis
594 2749 743 2840 primae,
771 2752 801 2819 et
827 2746 994 2822 secundae
1027 2749 1144 2822 classis
1169 2745 1326 2838 44444444,

104 2853 145 2926 ito
167 2861 281 2932 tomen
307 2864 345 2932 ut
369 2858 460 2931 idrrn
484 2860 703 2952 prioitepiuuc
724 2860 844 2933 ooteot
869 2862 975 2952 ctione
994 2863 1023 2934 si
1042 2863 1153 2936 Missa
1177 2860 1254 2954 festi
1271 2875 1327 2931 oc·

104 2971 265 3052 canentis,
294 2975 419 3050 4444444
444 2971 549 3044 Misso
576 2969 617 3042 oe
643 2971 793 3062 requiem
819 2973 1032 3044 celebretur?

165 3081 235 3158 Sao
254 3082 475 3174 Congregatio
491 3083 702 3175 respondit
690 3085 818 3156 Posse
835 3082 1045 3156 ordinarium
1064 3085 1184 3156 4444444
1201 3082 1330 3156 Rescri-

104 3193 177 3282 pti
169 3212 200 3266 44
226 3195 349 3270 eaden
373 3194 519 3269 Ecclesia
544 3194 730 3274 secundom
747 3196 858 3267 Aitare
874 3195 1119 3304 Prisitegiaturn
1146 3189 1327 3278 declarare,

103 3303 127 3374 si
141 3325 241 3380 44444
265 3309 335 3401 jam
352 3307 395 3412 444
411 3307 601 3400 Apostotioa
625 3306 713 3392 Sede
737 3307 794 3380 tali
819 3307 992 3404 privilegio
1009 3306 1107 3380 tuerit
1124 3303 1328 3390 decoratum,

103 3413 274 3493 4444444444
299 3421 472 3493 tamenin
498 3421 673 3494 enunciata
699 3419 872 3511 Rescripta
888 3419 978 3492 44444
1003 3418 1092 3492 adsit
1117 3419 1263 3494 conditio
1280 3435 1331 3490 re·

103 3529 255 3624 strictiva;
280 3533 430 3624 itemque
454 3529 498 3604 ad
523 3549 641 3606 omnes
674 3538 708 3606 et
740 3531 889 3622 singulos
922 3530 1119 3606 Sacerdotes
1145 3531 1178 3606 44
1210 3528 1332 3602 iisdem

102 3636 231 3716 8444444
257 3649 466 3736 peragentes,
493 3650 526 3716 44
550 3641 594 3714 ad
620 3660 852 3736 quoscumque
877 3641 950 3716 dies
977 3650 1155 3720 4444444444
1188 3640 1331 3714 habetur

102 3751 314 3848 Priritegiurn,
341 3755 476 3849 44444444
501 3755 622 3829 Altaria
640 3755 848 3830 declarantur
869 3753 1075 3846 Pririiegiota
1104 3753 1331 3842 0444444444·

102 3865 230 3942 minime
257 3869 406 3962 exceptis
431 3868 622 3953 Dominicis
652 3886 693 3940 ac
716 3866 972 3940 solemnioribus
990 3865 1092 3952 444444,
1121 3885 1165 3940 ex
1189 3867 1330 3939 Decreta

102 3977 213 4054 Sacrae
239 3981 339 4073 hujus
365 3979 638 4073 congregationis
662 3979 728 4054 sub
753 3979 808 4053 die
834 3983 881 4051 20
906 3979 981 4052 tulii
1010 3983 1099 4050 4444
1131 3976 1224 4070 quod
1253 3995 1332 4052 oon·

102 4087 238 4167 44444444
262 4113 334 4168 sao.
360 4113 426 4168 me.
453 4093 642 4166 Clementis·
657 4093 733 4165 xlv
759 4091 980 4166 aurunco
1009 4089 1331 4166 477444414444444

103 4205 283 4282 ι(44444444
309 4207 351 4282 cte
370 4208 554 4302 prioitepio
581 4205 629 4279 oct
652 4205 1053 4302 tornumitesotutionis
1074 4207 1150 4279 Soc.
1182 4205 1331 4298 Conpre-

104 4321 243 4402 outionis
268 4321 565 4415 Indutpentioruru
578 4350 613 4394 ι.
