3214 4928
589 365 783 434 „bb-

102 493 142 568 die
165 499 203 568 tt
225 495 299 570 ttaii
326 503 417 575 titt
438 497 579 592 provide
602 499 742 582 modum
766 500 963 594 impositura
978 499 1161 594 graiarum
1181 519 1305 578 erenr-

99 607 170 690 ioui,
190 608 311 694 morit,
339 615 471 704 tmepore
493 612 533 686 irc
556 611 722 694 Breeibcr
747 611 950 704 Apostotior'c
970 611 1124 704 periture
1141 629 1211 704 pre
1226 631 1309 692 coe

97 723 216 794 cessione
240 723 420 828 priuilepii
449 725 599 807 diteris,
629 743 701 797 eron
733 744 757 796 o
786 723 842 796 die
867 724 1157 817 praesentationis
1188 727 1314 814 Breois¹

97 832 257 908 dedicerit)
282 837 382 918 Loci,
405 835 467 911 sed
490 855 515 910 a
540 835 597 912 die
621 835 728 912 miae
745 855 813 910 esse
837 835 1118 928 comparandam.
1145 836 1213 910 Sed
1230 857 1309 912 cum

94 945 173 1018 niuis
194 945 327 1032 dirmsa
345 947 501 1036 dbtautia
516 948 684 1036 Laconem
700 946 743 1036 ad
759 966 847 1040 quac
863 947 1057 1040 hujusmodi
1073 948 1190 1022 Brevia
1203 955 1310 1024 trans·

94 1056 242 1130 nituntur
265 1059 303 1132 in
329 1061 499 1152 Regiones
525 1061 568 1136 ab
593 1061 682 1136 Urbe
707 1067 864 1144 remotas,
890 1078 952 1153 per
977 1061 1077 1153 ionga
1094 1059 1194 1135 etiam
1211 1068 1245 1136 et
1261 1063 1310 1136 in-

93 1175 162 1240 certa
182 1171 282 1242 mans
307 1171 443 1256 itinera,
469 1169 596 1244 nedum
629 1171 811 1246 multorum
836 1171 1022 1256 mensium,
1049 1171 1112 1245 sed
1142 1193 1310 1248 annornm

92 1281 177 1372 spatio
198 1283 370 1376 Epistobre
402 1291 437 1358 et
468 1285 585 1360 Breria
610 1283 836 1368 retardemur,
869 1282 974 1374 iduum
1006 1287 1044 1362 ut
1075 1284 1202 1376 proriae
1227 1286 1309 1364 citra

92 1393 241 1471 Onerum
266 1397 483 1490 negligentia,
508 1396 645 1473 inolevit
672 1398 784 1490 praxis
801 1397 1017 1490 praeconiive
1033 1395 1305 1484 coniurationem

91 1507 191 1595 undae
214 1507 258 1585 ad
282 1516 421 1604 tempus
446 1527 627 1587 concessae
652 1516 831 1604 expetere,
856 1527 1002 1602 eamque
1033 1508 1187 1594 mudum
1211 1510 1308 1604 cibi·

92 1625 323 1716 unumpate
355 1624 547 1716 pomaerae
579 1623 809 1706 concessionis
840 1621 1019 1716 arpenna,
1053 1629 1091 1697 nt
1121 1630 1311 1716 opportuna

92 1735 261 1811 tamndma
295 1735 479 1822 snbsccma
507 1735 680 1829 privilegia
707 1741 786 1810 ante
818 1733 1036 1830 pristinorum
1066 1736 1310 1828 expirationem

94 1844 192 1934 nequi
211 1853 374 1937 possent;
400 1865 464 1920 neo
488 1865 633 1920 vacnum
659 1853 794 1940 tempus
818 1845 1041 1936 intercederet
1069 1847 1311 1940 mbmctonrnp

93 1953 224 2048 sudragio
249 1965 285 2032 et
311 1957 476 2048 Fidelirne
501 1959 731 2064 indulgentiis.

148 2067 309 2156 Quoniam
336 2089 417 2148 roro
440 2071 478 2144 in
509 2071 607 2158 Brevi
638 2069 867 2151 concessionis
891 2070 1055 2164 privilegii
1080 2069 1202 2159 ditaris
1228 2071 1311 2166 edii·

94 2177 159 2254 titur
180 2181 331 2261 clausula
355 2211 369 2246 ι
393 2182 580 2270 dummodo
605 2185 644 2261 in
668 2183 790 2258 endem
815 2184 979 2271 metesa
1000 2184 1136 2271 notiore
1153 2184 1254 2270 otietd
1268 2187 1313 2262 sit

94 2289 191 2364 icore
212 2294 322 2367 simili
342 2296 527 2388 prioitepio
554 2295 756 2380 dmentem
781 2316 816 2388 »3
849 2296 1060 2390 propositum
1091 2302 1143 2384 est
1171 2296 1314 2375 dubium

103 2403 164 2474 cic
175 2406 362 2479 erundum
377 2409 486 2481 Breoe
502 2409 635 2496 Peioris
649 2409 928 2504 confirmatiorem
944 2409 1126 2482 subsistet?
1143 2439 1155 2474 ι
1182 2409 1311 2496 mcum·

95 2513 133 2584 ric
153 2518 236 2589 caim
262 2519 458 2593 executioni
482 2522 621 2594 minime
648 2520 759 2603 detrec,
785 2522 853 2592 crisi
872 2524 952 2614 post
983 2519 1119 2611 lopsem
1151 2520 1313 2612 temporis

97 2625 245 2720 inprime
272 2632 379 2704 Brevi
398 2634 576 2727 praefixi:
610 2637 725 2706 tornea
755 2631 896 2724 quoodo
929 2629 1114 2704 secundom
1143 2632 1253 2705 Breve
1277 2632 1314 2704 ie

100 2735 167 2812 t'rbc
188 2743 383 2836 especiem,
408 2764 487 2824 ecre
511 2745 665 2822 &obsid
686 2745 870 2838 priuilepio
888 2745 1020 2824 ricmis
1044 2743 1264 2818 eceorccurr
1289 2765 1316 2806 ιΔ

152 2853 219 2930 Sec.
245 2857 467 2949 congregatio
492 2856 630 2932 subdio
648 2863 669 2930 t
690 2857 859 2944 Februarii
882 2861 975 2930 tito
993 2855 1168 2952 respondit
1192 2857 1315 2932 ‹Tem-

98 2977 147 3050 pus
167 2965 199 3038 iu
223 2968 389 3045 Breribus
413 2967 613 3062 dominicis
637 2970 787 3062 positum
811 2987 873 3061 pro
898 2968 1152 3051 confirmatione
1176 2968 1309 3061 priuiie·

99 3073 263 3162 utens
290 3083 326 3154 in
351 3081 557 3174 Regionibus
581 3083 735 3170 remotis,
766 3099 837 3168 non
861 3101 880 3152 a
906 3081 961 3156 die
986 3079 1093 3172 datae,
1119 3079 1183 3165 sod
1211 3099 1231 3152 u
1258 3079 1315 3171 die

99 3194 351 3283 tttttttttetioois
376 3194 491 3277 beris
516 3193 692 3283 Ordipario
718 3212 796 3283 esse
820 3191 1086 3288 compntandum
1109 3221 1146 3264 ι.
1183 3249 1187 3256 .

606 3391 786 3480 LXXXIV.

546 3539 638 3592 unnrs
666 3540 708 3592 nr
733 3539 838 3592 onnus,

158 3639 204 3714 bd
226 3643 430 3718 bumiitimas
459 3663 579 3740 preces
611 3645 822 3720 ssonbatmm
852 3650 886 3717 et
918 3643 1145 3715 consororum
1178 3637 1316 3712 Contra·

105 3747 240 3825 ciuitatis
265 3753 302 3825 B.
328 3753 476 3846 Virginis
501 3756 639 3848 Septem
665 3756 824 3836 Boiorum
847 3755 924 3828 bec.
955 3751 1175 3844 congregatio
1203 3749 1317 3823 Indui-

107 3862 201 3946 ittttds
223 3865 404 3960 sacrisque
427 3868 589 3960 Reliquis
614 3870 803 3964 praeposita
827 3867 894 3945 snb
919 3865 975 3942 die
993 3871 1013 3938 t
1031 3863 1203 3952 Februarii
1223 3867 1317 3938 ttae

109 3975 214 4050 aunt
246 3977 500 4065 concedendam
532 3999 610 4056 esse
642 3980 886 4076 induigentiam
919 3976 1105 4066 Ptemarictn
1137 3973 1243 4058 ccccc!
1281 3972 1318 4049 in

110 4095 177 4156 ttttc
197 4107 271 4164 cum
297 4091 452 4175 facultate
476 4093 672 4192 applicandi·
690 4111 752 4188 pro
777 4091 955 4181 deinuotis,
975 4087 1134 4162 omnibns
1157 4085 1320 4175 dbristiti-

113 4189 215 4276 deibus
236 4201 357 4280 eodem
383 4205 449 4294 dio,
475 4227 544 4304 qrro
569 4225 631 4302 per
655 4207 802 4302 spadum
828 4204 1053 4299 praescriptae
1077 4201 1181 4277 borae
1209 4197 1317 4283 medi-

113 4307 202 4388 trioni
223 4317 382 4399 Botorum
407 4321 443 4401 B.
469 4321 616 4418 Virginis
640 4318 853 4406 incubuerint
868 4317 913 4404 ad
931 4313 1157 4412 septennium
1173 4313 1218 4396 Et
1232 4309 1319 4408 tutte
