3346 4924
749 333 967 397 -592-

243 473 376 532 oncoro
387 473 454 548 per
468 470 541 527 nno
566 451 718 526 edizione
732 450 886 544 [roncone
912 449 999 524 delle
1026 449 1134 532 linito,
1161 469 1222 524 ove
1239 452 1268 524 si
1285 453 1381 544 tegor
1407 469 1485 542 uve·

242 574 293 644 sto
319 568 436 641 ovviso
462 566 597 658 copioto
625 564 723 637 dolio
740 582 902 646 romono,
921 561 958 636 di
974 564 1029 636 cni
1046 563 1095 655 gli
1121 565 1305 656 esernplori
1328 563 1484 638 trovornsi

243 679 302 774 vid
323 698 389 773 por
413 678 572 769 niolioja
597 677 634 749 in
652 695 754 748 mono
782 674 834 748 de'
848 673 961 766 fedoli.
978 675 1006 747 A
1025 675 1218 748 rimnovere
1243 674 1381 766 dunque
1402 677 1485 766 ogni

242 791 380 873 dontio,
407 808 425 861 e
445 807 511 882 per
531 788 712 880 prevenire
729 788 778 880 gli
795 787 1053 868 inconvenienti,
1072 785 1133 860 cine
1151 785 1199 859 du
1225 787 1295 859 tote
1320 787 1483 877 equivoco

241 901 473 977 involuntario
482 919 630 992 possono
643 917 794 980 noscere,
809 897 832 970 l’
842 899 988 971 Oratore
1001 915 1113 990 grego
1130 897 1326 972 remitmente
1339 899 1377 971 to
1394 899 1482 972 Son·

243 1015 307 1088 titel
338 1014 456 1086 Vestro
482 1009 519 1083 di
543 1012 639 1084 votor
665 1012 921 1102 benignomente
947 1008 1157 1090 dichiarare,
1184 1009 1245 1083 cte
1270 1012 1301 1084 le
1326 997 1483 1084 'sndddte

241 1123 449 1217 indulgente
473 1123 503 1196 si
523 1141 674 1215 possano
701 1123 837 1194 terrore
863 1124 959 1194 tento
978 1119 1026 1193 du
1043 1119 1098 1194 olei
1114 1121 1223 1194 recito
1247 1123 1284 1195 lo
1307 1122 1384 1195 soto
1401 1139 1483 1196 oro·

151 1282 162 1306 .
240 1238 338 1311 zivne
363 1237 547 1327 ossegnoto
573 1234 620 1308 do
648 1236 681 1308 S.
700 1232 840 1327 Alsonso
866 1231 914 1305 do
939 1233 1097 1306 recitorsi
1113 1234 1150 1306 in
1167 1234 1246 1306 tutti
1262 1233 1410 1325 i'giorni
1427 1233 1484 1308 del

240 1368 340 1431 rnese,
367 1347 427 1421 cite
451 1348 644 1441 principio:
671 1345 792 1438 Signor
817 1346 885 1418 miv
902 1343 993 1418 Gesiv
1010 1345 1118 1418 Cristo
1143 1364 1190 1420 ec.
1218 1348 1268 1434 (3)
1293 1344 1440 1420 deventi
1456 1347 1484 1420 n

242 1461 442 1537 santissimo
470 1461 711 1552 sagramento,
739 1463 867 1549 ocavto
885 1456 934 1532 do
951 1456 1007 1531 clvi
1021 1458 1130 1532 recito
1148 1457 1267 1532 t'cltro
1284 1458 1483 1531 Santissimn

241 1575 386 1666 vergine
411 1591 461 1646 co.
487 1574 537 1661 (i)
564 1572 685 1646 ovanti
710 1572 747 1644 lo
771 1589 836 1642 suo
862 1571 1029 1662 imagine,
1056 1572 1088 1644 le
1113 1571 1209 1661 quoii
1238 1571 1396 1643 orozioni
1416 1589 1483 1662 per

240 1686 367 1760 motivo
394 1683 487 1757 dello
512 1684 586 1755 toro
614 1683 746 1757 brevitet
766 1699 915 1774 possono
941 1683 1074 1774 sopori
1088 1682 1283 1777 [octimente
1308 1701 1332 1754 v
1357 1699 1483 1755 memo·

240 1796 297 1869 rio
323 1791 431 1867 anche
457 1792 505 1866 do
531 1794 658 1875 coloro,
685 1793 745 1868 cite
770 1811 840 1866 non
865 1813 975 1867 sonno
1001 1795 1144 1887 leggere.
1171 1796 1213 1866 in
1238 1795 1291 1867 toi
1315 1791 1417 1866 modo
1444 1794 1482 1866 lo

242 1905 380 1982 Sontitd
411 1907 529 1980 Vostrv
545 1904 694 1979 vendero
709 1925 841 2000 compre
862 1907 926 2000 piei
945 1907 1160 2001 profittevole
1177 1908 1215 1980 oi
1230 1905 1332 2000 fedoli
1349 1907 1385 1979 to
1398 1925 1480 1998 pre·

240 2019 336 2093 closo
360 2018 484 2112 gronio
508 2017 569 2110 otc
595 2017 781 2110 dopprimo
807 2017 1010 2100 occordoto,
1038 2037 1056 2091 e
1081 2017 1229 2111 tvglierd
1254 2019 1336 2110 ogni
1361 2019 1481 2091 incvn-

240 2131 403 2212 veniente,
430 2129 490 2204 cire
515 2131 704 2204 altrimenti
729 2132 930 2205 noscneinlre
952 2129 1014 2205 dot
1030 2134 1327 2223 sopromemoroto
1345 2130 1482 2222 evolvo·

240 2263 291 2319 co.
321 2242 388 2317 Glte
414 2262 459 2316 eo.

313 2353 550 2429 sanctissimus
574 2356 738 2429 Dominus
763 2356 883 2430 Noster
900 2357 977 2429 Pius
1003 2357 1065 2429 PP.
1082 2355 1129 2430 lli
1146 2355 1279 2429 attentis
1304 2355 1479 2448 expositis,

239 2467 385 2559 benigne
411 2465 598 2551 declaravit,
624 2465 868 2557 indulgentiam
895 2473 1081 2540 tercentum
1106 2466 1256 2552 dierum,
1283 2466 1326 2540 de
1352 2485 1418 2557 qua
1445 2468 1480 2540 in

239 2577 406 2672 ornemus,
433 2579 553 2651 lucrari
569 2579 612 2651 ab
630 2578 787 2652 omnibus
804 2579 979 2671 utriusque
996 2598 1101 2653 sexus
1118 2579 1396 2653 Cllrlstilidelilvus
1416 2598 1479 2673 pro

240 2691 388 2783 qualibet
404 2691 477 2763 vioe
494 2691 709 2763 recitantibus
727 2691 911 2788 orationem
930 2692 1077 2783 ‹Signor
1092 2692 1162 2764 mio
1182 2691 1269 2764 dest
1288 2692 1396 2765 cristo
1414 2697 1478 2766 ete.

239 2809 316 2875 ante
341 2801 594 2874 sanctissimum
627 2802 857 2875 Eucharistiae
882 2803 1153 2891 Sacramentum
1180 2819 1219 2876 ao
1246 2821 1306 2894 oro
1330 2801 1480 2893 qualest

238 2915 311 2988 nice
335 2913 551 2987 recitantibus
569 2915 666 3012 allum
684 2916 868 2988 orationem
894 2915 1126 2989 ‹Sentiesinvo
1158 2915 1296 3006 Vergine
1320 2919 1382 2987 eto.
1401 2919 1479 2988 aute

239 3025 421 3117 Imaginem
447 3027 483 3098 B.
510 3027 553 3099 ll.
580 3026 620 3098 li.
648 3025 832 3098 dummodo
849 3032 961 3098 tamen
978 3027 1045 3099 sint
1062 3025 1163 3098 corde
1187 3025 1304 3098 saltem
1322 3025 1475 3098 contrito.

238 3140 379 3232 insuper
404 3137 551 3222 indulsit,
570 3144 606 3211 ut
622 3139 686 3231 ipsi
713 3137 964 3222 christifideles,
990 3137 1049 3230 qui
1075 3139 1180 3212 semel
1205 3139 1323 3212 sellem
1344 3139 1378 3210 ln
1395 3155 1478 3230 qun·

237 3250 318 3324 tinet
343 3249 398 3323 die
423 3268 483 3342 per
508 3250 675 3341 integrum
703 3267 855 3323 mensem
873 3269 973 3324 onem
1000 3268 1044 3324 ex
1069 3249 1201 3324 duabus
1226 3249 1381 3342 praelatis
1402 3269 1476 3322 ore·

237 3363 385 3436 tionibus
418 3363 556 3436 recitare
581 3382 642 3455 pro
668 3381 762 3436 more
794 3362 989 3447 lnahuerlnt,
1015 3361 1269 3454 indulgentiam
1291 3362 1476 3435 Pleuariem

238 3474 358 3562 lucrari
383 3475 514 3566 possint
539 3481 572 3547 et
596 3474 729 3548 valeant
753 3475 859 3548 semel
888 3481 1016 3548 tontum
1041 3476 1076 3546 in
1101 3473 1250 3565 quolibet
1275 3491 1410 3558 mense,
1436 3493 1477 3548 ea

237 3585 363 3658 scilicet
387 3583 451 3669 die,
479 3602 544 3676 qva
572 3603 651 3658 vere
678 3586 886 3678 poenitentes
900 3585 1055 3669 confessi,
1082 3602 1121 3657 ao
1138 3585 1211 3657 Sec.
1229 3585 1476 3659 communione

236 3695 350 3770 retecti
376 3695 508 3782 tuerint,
535 3703 569 3770 et
592 3717 653 3790 per
679 3695 814 3788 aliquod
843 3697 1003 3790 temporis
1035 3696 1180 3789 spatium
1206 3698 1300 3789 juxta
1325 3704 1475 3772 mentnm

238 3809 426 3882 sanctitatis
460 3809 548 3882 Suae
573 3809 628 3901 ple
653 3809 838 3900 oraverint;
864 3809 948 3882 laete
974 3810 1111 3902 insuper
1142 3813 1305 3902 potestate
1338 3807 1475 3882 easdem

236 3919 462 4012 indulgentias
478 3921 513 3992 in
530 3919 727 4012 svliregium
743 3920 893 3994 fidelium
909 3919 1143 3994 detunctorum
1162 3919 1360 4012 applicandi.
1378 3921 1477 3994 Prei-

237 4032 324 4105 sonti
350 4033 384 4105 lu
409 4037 609 4125 perpetuum
626 4032 765 4106 valituro
791 4032 920 4126 absque
936 4033 1002 4106 ulle
1019 4033 1134 4106 Brevis
1158 4031 1383 4125 expeditione.
1400 4033 1477 4108 Nun

239 4141 449 4220 obstantibus
474 4143 509 4217 in
534 4143 736 4220 contrarium
761 4143 957 4221 iacientibus
982 4144 1262 4237 quibuscumque.
