3164 4926
400 337 407 360 ⁸
528 394 744 466 -rar-

543 582 730 680 ctxnrn.

454 749 604 807 amusan.
629 743 664 804 nt
688 751 825 807 numam

121 865 186 940 com
209 887 266 962 pro
290 876 386 964 parte
410 871 489 946 l'l'r.
515 873 736 947 cremitamm
767 871 900 946 Ordinis
926 873 960 946 S.
987 871 1164 966 Augustini
1187 872 1254 950 Ex·

77 979 241 1056 ambrum
265 993 534 1079 nuncupatorum
560 989 752 1061 conventus
777 987 883 1060 Aulioi
913 985 1059 1062 ciuitatis
1084 985 1251 1076 Viennae,

76 1093 143 1166 anal
162 1103 252 1188 atque
274 1099 397 1172 itemm
426 1099 597 1193 proposita·
627 1101 726 1173 fuerit
739 1117 743 1125 ·
757 1119 857 1172 causa
888 1117 993 1192 super
1024 1105 1150 1174 asserta
1182 1107 1253 1176 ere-

76 1207 146 1280 tiooe
165 1209 441 1287 confraternitatis
468 1215 744 1298 cinotnratornm,
771 1215 843 1288 sive
868 1213 998 1306 cinguli
1011 1213 1069 1288 SS.
1087 1215 1251 1302 Monieae',

74 1319 265 1413 tlugostini,
291 1327 346 1399 vel
372 1327 407 1399 S.
433 1327 555 1402 llariae
580 1325 622 1400 de
648 1327 881 1401 consolatione
910 1333 1130 1420 nuncupatae,
1161 1325 1252 1420 cius·

73 1449 113 1518 tue
125 1439 336 1529 aggregatione
353 1439 712 1516 Archimnfraternitati
729 1437 880 1532 ejusdem
898 1437 1176 1514 denominationis
1192 1435 1254 1514 Bo-

73 1547 198 1634 meost,
226 1551 277 1624 bis
311 1551 425 1626 audito
458 1553 551 1647 prius
581 1551 855 1626 Eminentissimo
888 1571 926 1626 ac
961 1545 1252 1628 Reverendiss'imo

72 1653 168 1732 baino
189 1663 351 1738 cardinali
376 1665 636 1760 Archiepiscopo
661 1665 862 1753 Viennensi,
896 1671 929 1738 et
961 1665 1066 1741 semel
1091 1662 1252 1741 Procura-

72 1775 115 1842 ttte
131 1773 362 1853 Generatim.
381 1781 618 1865 Calceatorum,
646 1781 843 1854 examinatis
869 1781 979 1864 etiam,
1000 1785 1101 1874 atque
1121 1787 1252 1856 mature

73 1879 192 1974 f'smss's,
215 1893 441 1985 praefatomm
461 1893 540 1967 l'Fr.
554 1899 623 1968 tam
648 1893 932 1994 Excalceatorum,
960 1910 1062 1986 quam
1087 1891 1254 1970 calceato·

73 2013 117 2068 ton
135 2001 225 2078 lictae
249 2007 400 2080 civitatis
425 2007 575 2081 Viennae
599 2007 730 2100 jurbus
754 2005 834 2080 hino
851 2005 929 2081 inde
945 2005 1108 2093 deductis,
1126 2003 1253 2102 duplex

72 2105 114 2181 Sat.
134 2115 336 2213 congregatio
365 2119 650 2213 indulgentiarum
682 2127 716 2194 et
747 2119 821 2194 Sao.
855 2118 1083 2212 deiparat-um
1116 2111 1250 2198 emana-

71 2221 301 2326 tiltescriptum'
326 2233 475 2328 primum
501 2234 625 2307 scilicet
657 2232 723 2308 diei
758 2235 805 2304 lo
828 2229 974 2305 ianuarii
1002 2223 1115 2320 lili,
1145 2240 1179 2308 et
1207 2231 1252 2308 sl·

71 2337 139 2410 bun
158 2341 205 2417 die
229 2349 275 2418 28
301 2347 426 2440 Aprilis
455 2349 559 2432 litt),
587 2345 629 2420 de
655 2345 779 2440 quibus
805 2343 963 2420 omnibus
988 2349 1022 2418 et
1046 2338 1185 2438 singolis
1202 2346 1250 2420 fa·

71 2451 150 2542 ittet
161 2475 208 2530 me
220 2459 467 2553 infrascriptum
480 2457 633 2553 ejusdam
649 2460 722 2532 Sao.
740 2457 1013 2552 Congregationls
1026 2455 1250 2532 secretarium

71 2555 151 2638 butt
172 2571 241 2645 llaii
266 2572 422 2667 ejusdem
447 2575 525 2646 anni
553 2574 648 2646 llltt
673 2571 889 2647 sanctissimo
910 2571 1052 2646 Domino
1077 2563 1247 2660 relatione,

71 2669 182 2755 sancias
205 2685 269 2760 Sua
295 2707 342 2762 ex
368 2688 477 2761 causis
503 2685 568 2760 sabi
591 2688 691 2772 notis,
717 2706 757 2760 ao
780 2683 949 2761 nonnullis
972 2685 1172 2781 specialibus
1186 2685 1250 2760 cir·

71 2798 222 2871 amentiis
246 2801 289 2875 ab
314 2798 443 2875 Eadem
467 2799 646 2873 Sanctitate
672 2799 738 2873 Sua
764 2802 952 2894 perpensis,
978 2801 1112 2895 praevia
1137 2797 1180 2874 ad
1205 2797 1251 2874 ei·

72 2893 159 2990 bun,
181 2907 219 2985 de
235 2931 302 3006 quo
322 2914 440 3006 agitur,
459 2911 673 3006 derogatione
690 2913 941 2988 constitutionis
961 2916 1030 2986 tlt
1052 2914 1130 2986 San.
1147 2909 1249 2988 Mem.

71 3007 196 3095 cnuto
218 3025 289 3100 titt
316 3027 472 3121 incipian.
502 3027 792 3119 «marcumque»
820 3024 887 3100 diei
903 3029 924 3098 7
940 3019 1139 3100 Decembris
1152 3023 1247 3098 {603

71 3137 135 3216 opos
153 3137 307 3216 nectione
334 3147 368 3215 et
391 3141 623 3234 aggregatione
649 3137 972 3226 Confratamitatum,
989 3137 1136 3230 benigne
1151 3139 1249 3210 man·-

72 3229 133 3326 brit
143 3245 252 3327 litteras
276 3259 432 3350 patentes
449 3253 692 3346 aggregationis
710 3251 861 3346 ejusdem
878 3249 1161 3326 confraternitatis
1174 3245 1249 3323 cin·

72 3355 217 3438 ttuatorum
240 3369 274 3441 in
301 3367 450 3443 Ecclesia
473 3367 721 3461 pmediotorum
741 3365 820 3441 tir.
833 3363 1056 3440 Eremitamm
1072 3361 1250 3437 Excalcea-

73 3463 141 3542 bun
167 3489 303 3569 uectae,
336 3479 569 3575 praelaudatae
602 3477 962 3554 archiconfratemitati
994 3471 1196 3550 Bononiensi
1228 3482 1249 3545 a

73 3569 144 3656 tutore
162 3589 304 3670 cenerati
325 3595 405 3668 FFr.
428 3593 579 3687 ejusdem
605 3593 740 3666 Ordinis
765 3591 992 3665 calceatomm
1019 3583 1248 3682 expediendas

73 3701 128 3776 too,
146 3707 227 3794 tique
250 3727 268 3780 a
295 3707 524 3781 confratribus
550 3705 715 3800 ejusmodi
732 3701 1016 3778 confraternitatis
1040 3699 1247 3783 functiones

75 3801 248 3906 atrocitates,
274 3839 314 3894 ac
338 3820 587 3901 Processimus,
613 3818 776 3893 hactenus
801 3818 903 3891 factas
928 3817 1015 3889 intra
1041 3811 1163 3886 dietam
1187 3811 1248 3885 Ec·

74 3907 161 3995 eloam
178 3935 284 4027 peragi
309 3949 424 4028 posse,
451 3933 586 4026 reliquis
611 3929 759 4006 inhibitis
778 3937 870 4005 extra
892 3926 1047 4005 eamdem
1062 3920 1247 4000 Ecclesiam

76 4035 260 4121 litbodolibet
282 4043 496 4144 peragendis.

636 4159 800 4230 flammas
826 4157 929 4230 clau.
957 4149 1166 4228 Pau-Palm.

540 4272 580 4344 A.
599 4273 646 4346 tf.
664 4271 761 4347 litto
776 4271 871 4346 Prot.
890 4267 1104 4364 apostolicos
1122 4263 1247 4339 secret.
