<?xml version="1.0" encoding="UTF-8"?>
<!DOCTYPE html PUBLIC "-//W3C//DTD XHTML 1.0 Transitional//EN"
    "http://www.w3.org/TR/xhtml1/DTD/xhtml1-transitional.dtd">
<html xmlns="http://www.w3.org/1999/xhtml" xml:lang="en" lang="en">
 <head>
  <title>
</title>
<meta http-equiv="Content-Type" content="text/html;charset=utf-8" />
  <meta name='ocr-system' content='tesseract 3.04.00' />
  <meta name='ocr-capabilities' content='ocr_page ocr_carea ocr_par ocr_line ocrx_word'/>
</head>
<body>
  <div class='ocr_page' id='page_1' title='image "./resolutionesseu00pringoog_0506.png"; bbox 0 0 3182 4922; ppageno 0'>
   <div class='ocr_carea' id='block_1_1' title="bbox 594 372 811 438">
    <p class='ocr_par' dir='ltr' id='par_1_1' title="bbox 594 372 811 438">
     <span class='ocr_line' id='line_1_1' title="bbox 594 372 811 438; baseline 0.018 -4"><span class='ocrx_word' id='word_1_1' title='bbox 594 372 811 438; x_wconf 85' lang='lat' dir='ltr'>-ttttl-</span> 
     </span>
    </p>
   </div>
   <div class='ocr_carea' id='block_1_2' title="bbox 116 480 1314 597">
    <p class='ocr_par' dir='ltr' id='par_1_2' title="bbox 116 480 1314 597">
     <span class='ocr_line' id='line_1_2' title="bbox 116 480 1314 597; baseline 0.003 -23"><span class='ocrx_word' id='word_1_2' title='bbox 116 501 306 589; x_wconf 76' lang='lat' dir='ltr'>nonnam,</span> <span class='ocrx_word' id='word_1_3' title='bbox 331 521 351 576; x_wconf 77' lang='lat' dir='ltr'>a</span> <span class='ocrx_word' id='word_1_4' title='bbox 376 503 592 590; x_wconf 75' lang='lat' dir='ltr'>manaremus,</span> <span class='ocrx_word' id='word_1_5' title='bbox 618 480 793 589; x_wconf 74' lang='lat' dir='ltr'>canturos,</span> <span class='ocrx_word' id='word_1_6' title='bbox 811 505 865 578; x_wconf 86' lang='lat' dir='ltr'>var</span> <span class='ocrx_word' id='word_1_7' title='bbox 886 503 1046 588; x_wconf 79' lang='lat' dir='ltr'>uranus,</span> <span class='ocrx_word' id='word_1_8' title='bbox 1073 522 1135 596; x_wconf 80' lang='lat' dir='ltr'>pro</span> <span class='ocrx_word' id='word_1_9' title='bbox 1159 506 1314 597; x_wconf 75' lang='lat' dir='ltr'>respern-</span> 
     </span>
    </p>
   </div>
   <div class='ocr_carea' id='block_1_3' title="bbox 21 615 1320 4400">
    <p class='ocr_par' dir='ltr' id='par_1_3' title="bbox 21 615 1315 1387">
     <span class='ocr_line' id='line_1_3' title="bbox 115 615 1312 711; baseline 0.005 -25"><span class='ocrx_word' id='word_1_10' title='bbox 115 615 153 687; x_wconf 91' lang='lat' dir='ltr'>vis</span> <span class='ocrx_word' id='word_1_11' title='bbox 173 615 315 690; x_wconf 88' lang='lat' dir='ltr'>tidelibns</span> <span class='ocrx_word' id='word_1_12' title='bbox 340 617 407 690; x_wconf 91' lang='lat' dir='ltr'>vita</span> <span class='ocrx_word' id='word_1_13' title='bbox 430 618 562 704; x_wconf 87' lang='lat' dir='ltr'>innotis,</span> <span class='ocrx_word' id='word_1_14' title='bbox 589 619 648 711; x_wconf 92' lang='lat' dir='ltr'>qni</span> <span class='ocrx_word' id='word_1_15' title='bbox 673 618 714 690; x_wconf 93' lang='lat' dir='ltr'>ad</span> <span class='ocrx_word' id='word_1_16' title='bbox 739 617 829 692; x_wconf 95' lang='lat' dir='ltr'>idem</span> <span class='ocrx_word' id='word_1_17' title='bbox 855 617 1037 691; x_wconf 87' lang='lat' dir='ltr'>Consilium</span> <span class='ocrx_word' id='word_1_18' title='bbox 1061 617 1312 704; x_wconf 87' lang='lat' dir='ltr'>biaacesannn,</span> 
     </span>
     <span class='ocr_line' id='line_1_4' title="bbox 113 727 1314 830; baseline 0.005 -32"><span class='ocrx_word' id='word_1_19' title='bbox 113 727 326 814; x_wconf 81' lang='lat' dir='ltr'>tbliarebiam</span> <span class='ocrx_word' id='word_1_20' title='bbox 337 745 340 754; x_wconf 79' lang='grc'>’</span> <span class='ocrx_word' id='word_1_21' title='bbox 353 729 558 817; x_wconf 86' lang='lat' dir='ltr'>Centuriam,</span> <span class='ocrx_word' id='word_1_22' title='bbox 576 732 629 805; x_wconf 89' lang='lat' dir='ltr'>vel</span> <span class='ocrx_word' id='word_1_23' title='bbox 646 732 822 805; x_wconf 85' lang='lat' dir='ltr'>Decuriam</span> <span class='ocrx_word' id='word_1_24' title='bbox 839 731 1051 824; x_wconf 80' lang='lat' dir='ltr'>pertinebant</span> <span class='ocrx_word' id='word_1_25' title='bbox 1075 750 1095 804; x_wconf 93' lang='lat' dir='ltr'>a</span> <span class='ocrx_word' id='word_1_26' title='bbox 1119 732 1314 830; x_wconf 76' lang='lat' dir='ltr'>respectivis</span> 
     </span>
     <span class='ocr_line' id='line_1_5' title="bbox 111 838 1313 937; baseline 0.003 -25"><span class='ocrx_word' id='word_1_27' title='bbox 111 838 358 916; x_wconf 85' lang='lat' dir='ltr'>Cbrisliddelibos</span> <span class='ocrx_word' id='word_1_28' title='bbox 384 843 512 918; x_wconf 90' lang='lat' dir='ltr'>eisdem</span> <span class='ocrx_word' id='word_1_29' title='bbox 544 844 718 937; x_wconf 77' lang='lat' dir='ltr'>adscriptis</span> <span class='ocrx_word' id='word_1_30' title='bbox 744 843 948 929; x_wconf 87' lang='lat' dir='ltr'>lucrandam,</span> <span class='ocrx_word' id='word_1_31' title='bbox 962 841 1175 928; x_wconf 78' lang='lat' dir='ltr'>dummodo,</span> <span class='ocrx_word' id='word_1_32' title='bbox 1202 845 1313 928; x_wconf 90' lang='lat' dir='ltr'>etiam,</span> 
     </span>
     <span class='ocr_line' id='line_1_6' title="bbox 21 955 1315 1049; baseline 0.005 -26"><span class='ocrx_word' id='word_1_33' title='bbox 21 1029 22 1046; x_wconf 18' lang='grc' dir='ltr'><strong><em>Ν</em></strong></span> <span class='ocrx_word' id='word_1_34' title='bbox 109 958 256 1046; x_wconf 91' lang='lat' dir='ltr'>utsupra,</span> <span class='ocrx_word' id='word_1_35' title='bbox 282 973 361 1029; x_wconf 90' lang='lat' dir='ltr'>vere</span> <span class='ocrx_word' id='word_1_36' title='bbox 386 958 604 1048; x_wconf 91' lang='lat' dir='ltr'>poenitentes,</span> <span class='ocrx_word' id='word_1_37' title='bbox 631 955 785 1041; x_wconf 79' lang='lat' dir='ltr'>confessi,</span> <span class='ocrx_word' id='word_1_38' title='bbox 811 975 850 1030; x_wconf 90' lang='lat' dir='ltr'>ac</span> <span class='ocrx_word' id='word_1_39' title='bbox 875 975 967 1030; x_wconf 90' lang='lat' dir='ltr'>sacra</span> <span class='ocrx_word' id='word_1_40' title='bbox 993 957 1119 1049; x_wconf 81' lang='lat' dir='ltr'>synaxi</span> <span class='ocrx_word' id='word_1_41' title='bbox 1136 956 1248 1030; x_wconf 89' lang='lat' dir='ltr'>relecti</span> <span class='ocrx_word' id='word_1_42' title='bbox 1264 973 1315 1030; x_wconf 90' lang='lat' dir='ltr'>re·</span> 
     </span>
     <span class='ocr_line' id='line_1_7' title="bbox 21 1061 1313 1162; baseline 0.009 -28"><span class='ocrx_word' id='word_1_43' title='bbox 21 1061 22 1110; x_wconf 70' lang='lat'><em>³</em></span> <span class='ocrx_word' id='word_1_44' title='bbox 108 1067 263 1154; x_wconf 88' lang='lat' dir='ltr'>spectivam</span> <span class='ocrx_word' id='word_1_45' title='bbox 295 1068 492 1152; x_wconf 76' lang='lat' dir='ltr'>Ecclesiam,</span> <span class='ocrx_word' id='word_1_46' title='bbox 518 1070 571 1142; x_wconf 94' lang='lat' dir='ltr'>vel</span> <span class='ocrx_word' id='word_1_47' title='bbox 596 1070 767 1162; x_wconf 82' lang='lat' dir='ltr'>publicum</span> <span class='ocrx_word' id='word_1_48' title='bbox 793 1070 997 1160; x_wconf 73' lang='lat' dir='ltr'>oratorium,</span> <span class='ocrx_word' id='word_1_49' title='bbox 1025 1069 1085 1142; x_wconf 92' lang='lat' dir='ltr'>ubi</span> <span class='ocrx_word' id='word_1_50' title='bbox 1110 1085 1313 1146; x_wconf 63' lang='lat' dir='ltr'>commemor</span> 
     </span>
     <span class='ocr_line' id='line_1_8' title="bbox 107 1177 1315 1275; baseline 0.003 -28"><span class='ocrx_word' id='word_1_51' title='bbox 107 1177 227 1252; x_wconf 82' lang='lat' dir='ltr'>udones</span> <span class='ocrx_word' id='word_1_52' title='bbox 250 1181 415 1273; x_wconf 86' lang='lat' dir='ltr'>ejusmodi</span> <span class='ocrx_word' id='word_1_53' title='bbox 441 1189 650 1275; x_wconf 80' lang='lat' dir='ltr'>peragentur,</span> <span class='ocrx_word' id='word_1_54' title='bbox 668 1181 788 1256; x_wconf 88' lang='lat' dir='ltr'>devote</span> <span class='ocrx_word' id='word_1_55' title='bbox 805 1181 1020 1265; x_wconf 83' lang='lat' dir='ltr'>visitaverint,</span> <span class='ocrx_word' id='word_1_56' title='bbox 1047 1181 1161 1272; x_wconf 92' lang='lat' dir='ltr'>ibique</span> <span class='ocrx_word' id='word_1_57' title='bbox 1183 1199 1243 1273; x_wconf 92' lang='lat' dir='ltr'>per</span> <span class='ocrx_word' id='word_1_58' title='bbox 1259 1180 1315 1252; x_wconf 77' lang='lat' dir='ltr'>ali</span> 
     </span>
     <span class='ocr_line' id='line_1_9' title="bbox 107 1289 1163 1387; baseline 0.003 -26"><span class='ocrx_word' id='word_1_59' title='bbox 107 1289 181 1378; x_wconf 92' lang='lat' dir='ltr'>quod</span> <span class='ocrx_word' id='word_1_60' title='bbox 201 1293 358 1385; x_wconf 91' lang='lat' dir='ltr'>temporis</span> <span class='ocrx_word' id='word_1_61' title='bbox 383 1295 528 1387; x_wconf 89' lang='lat' dir='ltr'>spatium</span> <span class='ocrx_word' id='word_1_62' title='bbox 552 1295 647 1386; x_wconf 82' lang='lat' dir='ltr'>juxta</span> <span class='ocrx_word' id='word_1_63' title='bbox 672 1301 850 1368; x_wconf 88' lang='lat' dir='ltr'>consuetos</span> <span class='ocrx_word' id='word_1_64' title='bbox 875 1295 960 1368; x_wconf 89' lang='lat' dir='ltr'>lines</span> <span class='ocrx_word' id='word_1_65' title='bbox 986 1293 1163 1368; x_wconf 90' lang='lat' dir='ltr'>oraverint.</span> 
     </span>
    </p>

    <p class='ocr_par' dir='ltr' id='par_1_4' title="bbox 99 1403 1316 2398">
     <span class='ocr_line' id='line_1_10' title="bbox 162 1403 1313 1499; baseline 0.002 -24"><span class='ocrx_word' id='word_1_66' title='bbox 162 1403 331 1488; x_wconf 81' lang='lat' dir='ltr'>litantem</span> <span class='ocrx_word' id='word_1_67' title='bbox 356 1408 486 1480; x_wconf 91' lang='lat' dir='ltr'>animae</span> <span class='ocrx_word' id='word_1_68' title='bbox 512 1406 661 1481; x_wconf 87' lang='lat' dir='ltr'>ildelinm</span> <span class='ocrx_word' id='word_1_69' title='bbox 679 1407 913 1481; x_wconf 91' lang='lat' dir='ltr'>delunetorum</span> <span class='ocrx_word' id='word_1_70' title='bbox 939 1414 1006 1480; x_wconf 81' lang='lat' dir='ltr'>mm</span> <span class='ocrx_word' id='word_1_71' title='bbox 1032 1407 1106 1499; x_wconf 89' lang='lat' dir='ltr'>piae</span> <span class='ocrx_word' id='word_1_72' title='bbox 1124 1425 1162 1479; x_wconf 89' lang='lat' dir='ltr'>ac</span> <span class='ocrx_word' id='word_1_73' title='bbox 1178 1404 1313 1479; x_wconf 91' lang='lat' dir='ltr'>salutari</span> 
     </span>
     <span class='ocr_line' id='line_1_11' title="bbox 106 1512 1315 1612; baseline 0.003 -27"><span class='ocrx_word' id='word_1_74' title='bbox 106 1512 236 1588; x_wconf 85' lang='lat' dir='ltr'>societati</span> <span class='ocrx_word' id='word_1_75' title='bbox 265 1517 510 1611; x_wconf 84' lang='lat' dir='ltr'>adscriptorum</span> <span class='ocrx_word' id='word_1_76' title='bbox 539 1520 660 1612; x_wconf 90' lang='lat' dir='ltr'>magis,</span> <span class='ocrx_word' id='word_1_77' title='bbox 686 1520 861 1611; x_wconf 84' lang='lat' dir='ltr'>magisque</span> <span class='ocrx_word' id='word_1_78' title='bbox 886 1519 1118 1610; x_wconf 79' lang='lat' dir='ltr'>suffragentur,</span> <span class='ocrx_word' id='word_1_79' title='bbox 1153 1517 1315 1590; x_wconf 88' lang='lat' dir='ltr'>sanctitas</span> 
     </span>
     <span class='ocr_line' id='line_1_12' title="bbox 105 1624 1314 1724; baseline 0.005 -28"><span class='ocrx_word' id='word_1_80' title='bbox 105 1624 158 1698; x_wconf 87' lang='lat' dir='ltr'>sua</span> <span class='ocrx_word' id='word_1_81' title='bbox 179 1627 319 1722; x_wconf 90' lang='lat' dir='ltr'>benigne</span> <span class='ocrx_word' id='word_1_82' title='bbox 348 1631 527 1716; x_wconf 88' lang='lat' dir='ltr'>concessit,</span> <span class='ocrx_word' id='word_1_83' title='bbox 553 1637 591 1704; x_wconf 90' lang='lat' dir='ltr'>ut</span> <span class='ocrx_word' id='word_1_84' title='bbox 616 1632 743 1716; x_wconf 90' lang='lat' dir='ltr'>omnia,</span> <span class='ocrx_word' id='word_1_85' title='bbox 770 1639 803 1705; x_wconf 93' lang='lat' dir='ltr'>et</span> <span class='ocrx_word' id='word_1_86' title='bbox 828 1630 959 1724; x_wconf 92' lang='lat' dir='ltr'>singula</span> <span class='ocrx_word' id='word_1_87' title='bbox 989 1631 1111 1704; x_wconf 81' lang='lat' dir='ltr'>altaria</span> <span class='ocrx_word' id='word_1_88' title='bbox 1136 1629 1314 1715; x_wconf 85' lang='lat' dir='ltr'>Ecclesiae,</span> 
     </span>
     <span class='ocr_line' id='line_1_13' title="bbox 103 1737 1314 1836; baseline 0.005 -28"><span class='ocrx_word' id='word_1_89' title='bbox 103 1739 144 1810; x_wconf 80' lang='lat' dir='ltr'>tel</span> <span class='ocrx_word' id='word_1_90' title='bbox 165 1740 299 1815; x_wconf 80' lang='lat' dir='ltr'>oratorii</span> <span class='ocrx_word' id='word_1_91' title='bbox 328 1737 470 1836; x_wconf 89' lang='lat' dir='ltr'>publici,</span> <span class='ocrx_word' id='word_1_92' title='bbox 503 1744 538 1816; x_wconf 94' lang='lat' dir='ltr'>in</span> <span class='ocrx_word' id='word_1_93' title='bbox 564 1745 687 1836; x_wconf 92' lang='lat' dir='ltr'>quibus</span> <span class='ocrx_word' id='word_1_94' title='bbox 713 1751 779 1816; x_wconf 90' lang='lat' dir='ltr'>lam</span> <span class='ocrx_word' id='word_1_95' title='bbox 804 1743 984 1836; x_wconf 86' lang='lat' dir='ltr'>generatis,</span> <span class='ocrx_word' id='word_1_96' title='bbox 1012 1749 1114 1836; x_wconf 86' lang='lat' dir='ltr'>quam</span> <span class='ocrx_word' id='word_1_97' title='bbox 1139 1742 1314 1835; x_wconf 89' lang='lat' dir='ltr'>peculiaris</span> 
     </span>
     <span class='ocr_line' id='line_1_14' title="bbox 104 1847 1313 1950; baseline 0.006 -30"><span class='ocrx_word' id='word_1_98' title='bbox 104 1847 323 1939; x_wconf 88' lang='lat' dir='ltr'>debuctomm,</span> <span class='ocrx_word' id='word_1_99' title='bbox 349 1863 506 1948; x_wconf 88' lang='lat' dir='ltr'>utsupra</span> <span class='ocrx_word' id='word_1_100' title='bbox 523 1856 765 1950; x_wconf 87' lang='lat' dir='ltr'>adscriptorum</span> <span class='ocrx_word' id='word_1_101' title='bbox 791 1857 1064 1932; x_wconf 87' lang='lat' dir='ltr'>commemoratio</span> <span class='ocrx_word' id='word_1_102' title='bbox 1089 1861 1313 1949; x_wconf 81' lang='lat' dir='ltr'>perageretur,</span> 
     </span>
     <span class='ocr_line' id='line_1_15' title="bbox 102 1957 1313 2062; baseline 0.007 -30"><span class='ocrx_word' id='word_1_103' title='bbox 102 1957 159 2047; x_wconf 90' lang='lat' dir='ltr'>de,</span> <span class='ocrx_word' id='word_1_104' title='bbox 182 1985 245 2057; x_wconf 91' lang='lat' dir='ltr'>qna</span> <span class='ocrx_word' id='word_1_105' title='bbox 277 1967 362 2040; x_wconf 89' lang='lat' dir='ltr'>baec</span> <span class='ocrx_word' id='word_1_106' title='bbox 394 1969 665 2044; x_wconf 89' lang='lat' dir='ltr'>commemoratio</span> <span class='ocrx_word' id='word_1_107' title='bbox 696 1969 752 2053; x_wconf 87' lang='lat' dir='ltr'>fit,</span> <span class='ocrx_word' id='word_1_108' title='bbox 780 1969 983 2062; x_wconf 90' lang='lat' dir='ltr'>privilegiata</span> <span class='ocrx_word' id='word_1_109' title='bbox 1008 1969 1075 2042; x_wconf 90' lang='lat' dir='ltr'>sint</span> <span class='ocrx_word' id='word_1_110' title='bbox 1099 1987 1161 2061; x_wconf 90' lang='lat' dir='ltr'>pro</span> <span class='ocrx_word' id='word_1_111' title='bbox 1186 1967 1313 2050; x_wconf 85' lang='lat' dir='ltr'>Missis,</span> 
     </span>
     <span class='ocr_line' id='line_1_16' title="bbox 102 2078 1316 2173; baseline 0.004 -28"><span class='ocrx_word' id='word_1_112' title='bbox 102 2089 173 2163; x_wconf 89' lang='lat' dir='ltr'>qnae</span> <span class='ocrx_word' id='word_1_113' title='bbox 196 2079 228 2150; x_wconf 92' lang='lat' dir='ltr'>in</span> <span class='ocrx_word' id='word_1_114' title='bbox 253 2078 383 2154; x_wconf 88' lang='lat' dir='ltr'>eisdem</span> <span class='ocrx_word' id='word_1_115' title='bbox 410 2081 576 2154; x_wconf 80' lang='lat' dir='ltr'>Altaribus</span> <span class='ocrx_word' id='word_1_116' title='bbox 593 2101 612 2153; x_wconf 90' lang='lat' dir='ltr'>a</span> <span class='ocrx_word' id='word_1_117' title='bbox 629 2097 843 2173; x_wconf 90' lang='lat' dir='ltr'>quocumque</span> <span class='ocrx_word' id='word_1_118' title='bbox 868 2081 1047 2154; x_wconf 86' lang='lat' dir='ltr'>Sacerdote</span> <span class='ocrx_word' id='word_1_119' title='bbox 1068 2081 1103 2152; x_wconf 95' lang='lat' dir='ltr'>in</span> <span class='ocrx_word' id='word_1_120' title='bbox 1120 2080 1316 2172; x_wconf 78' lang='lat' dir='ltr'>suffragium</span> 
     </span>
     <span class='ocr_line' id='line_1_17' title="bbox 102 2184 1315 2286; baseline 0.008 -32"><span class='ocrx_word' id='word_1_121' title='bbox 102 2184 211 2262; x_wconf 89' lang='lat' dir='ltr'>ilerum</span> <span class='ocrx_word' id='word_1_122' title='bbox 236 2192 481 2285; x_wconf 88' lang='lat' dir='ltr'>adscriptomm</span> <span class='ocrx_word' id='word_1_123' title='bbox 506 2193 773 2278; x_wconf 88' lang='lat' dir='ltr'>celebrabuntur,</span> <span class='ocrx_word' id='word_1_124' title='bbox 799 2205 872 2286; x_wconf 79' lang='lat' dir='ltr'>pro·</span> <span class='ocrx_word' id='word_1_125' title='bbox 887 2193 1010 2286; x_wconf 88' lang='lat' dir='ltr'>quibus</span> <span class='ocrx_word' id='word_1_126' title='bbox 1036 2210 1075 2266; x_wconf 90' lang='lat' dir='ltr'>ea</span> <span class='ocrx_word' id='word_1_127' title='bbox 1101 2191 1155 2266; x_wconf 92' lang='lat' dir='ltr'>die</span> <span class='ocrx_word' id='word_1_128' title='bbox 1181 2191 1233 2264; x_wconf 91' lang='lat' dir='ltr'>vel</span> <span class='ocrx_word' id='word_1_129' title='bbox 1258 2210 1315 2282; x_wconf 92' lang='lat' dir='ltr'>ge·</span> 
     </span>
     <span class='ocr_line' id='line_1_18' title="bbox 99 2302 1012 2398; baseline 0.007 -28"><span class='ocrx_word' id='word_1_130' title='bbox 99 2302 211 2387; x_wconf 83' lang='lat' dir='ltr'>aenis,</span> <span class='ocrx_word' id='word_1_131' title='bbox 235 2305 288 2378; x_wconf 92' lang='lat' dir='ltr'>vel</span> <span class='ocrx_word' id='word_1_132' title='bbox 315 2305 490 2398; x_wconf 88' lang='lat' dir='ltr'>peculiaris</span> <span class='ocrx_word' id='word_1_133' title='bbox 516 2305 788 2379; x_wconf 89' lang='lat' dir='ltr'>commemoratio</span> <span class='ocrx_word' id='word_1_134' title='bbox 814 2305 1012 2378; x_wconf 87' lang='lat' dir='ltr'>celebretur.</span> 
     </span>
    </p>

    <p class='ocr_par' dir='ltr' id='par_1_5' title="bbox 93 2414 1320 4400">
     <span class='ocr_line' id='line_1_19' title="bbox 160 2414 1313 2511; baseline 0.002 -25"><span class='ocrx_word' id='word_1_135' title='bbox 160 2417 283 2491; x_wconf 73' lang='lat' dir='ltr'>altem</span> <span class='ocrx_word' id='word_1_136' title='bbox 309 2418 553 2511; x_wconf 88' lang='lat' dir='ltr'>indulgentiam</span> <span class='ocrx_word' id='word_1_137' title='bbox 579 2419 763 2492; x_wconf 88' lang='lat' dir='ltr'>Plenariam</span> <span class='ocrx_word' id='word_1_138' title='bbox 788 2417 841 2491; x_wconf 91' lang='lat' dir='ltr'>bis</span> <span class='ocrx_word' id='word_1_139' title='bbox 866 2419 901 2490; x_wconf 94' lang='lat' dir='ltr'>in</span> <span class='ocrx_word' id='word_1_140' title='bbox 927 2415 1045 2491; x_wconf 91' lang='lat' dir='ltr'>mense</span> <span class='ocrx_word' id='word_1_141' title='bbox 1066 2414 1313 2508; x_wconf 90' lang='lat' dir='ltr'>acquirendam,</span> 
     </span>
     <span class='ocr_line' id='line_1_20' title="bbox 100 2521 1317 2623; baseline 0.004 -30"><span class='ocrx_word' id='word_1_142' title='bbox 100 2521 213 2601; x_wconf 92' lang='lat' dir='ltr'>duobos</span> <span class='ocrx_word' id='word_1_143' title='bbox 237 2548 361 2622; x_wconf 89' lang='lat' dir='ltr'>nempe</span> <span class='ocrx_word' id='word_1_144' title='bbox 387 2531 563 2623; x_wconf 85' lang='lat' dir='ltr'>cujuslibet</span> <span class='ocrx_word' id='word_1_145' title='bbox 579 2531 705 2604; x_wconf 93' lang='lat' dir='ltr'>mensis</span> <span class='ocrx_word' id='word_1_146' title='bbox 722 2528 854 2612; x_wconf 90' lang='lat' dir='ltr'>diebus,</span> <span class='ocrx_word' id='word_1_147' title='bbox 872 2529 1140 2621; x_wconf 80' lang='lat' dir='ltr'>uniuscujusque</span> <span class='ocrx_word' id='word_1_148' title='bbox 1160 2526 1317 2618; x_wconf 86' lang='lat' dir='ltr'>adscripti</span> 
     </span>
     <span class='ocr_line' id='line_1_21' title="bbox 99 2635 1315 2735; baseline 0.01 -31"><span class='ocrx_word' id='word_1_149' title='bbox 99 2635 213 2713; x_wconf 88' lang='lat' dir='ltr'>arbitrio</span> <span class='ocrx_word' id='word_1_150' title='bbox 237 2641 410 2734; x_wconf 91' lang='lat' dir='ltr'>eligendis,</span> <span class='ocrx_word' id='word_1_151' title='bbox 438 2642 561 2735; x_wconf 90' lang='lat' dir='ltr'>quibus</span> <span class='ocrx_word' id='word_1_152' title='bbox 587 2661 666 2716; x_wconf 90' lang='lat' dir='ltr'>vere</span> <span class='ocrx_word' id='word_1_153' title='bbox 691 2641 912 2735; x_wconf 89' lang='lat' dir='ltr'>poenitentes,</span> <span class='ocrx_word' id='word_1_154' title='bbox 940 2646 973 2714; x_wconf 89' lang='lat' dir='ltr'>et</span> <span class='ocrx_word' id='word_1_155' title='bbox 997 2638 1142 2714; x_wconf 85' lang='lat' dir='ltr'>centossi</span> <span class='ocrx_word' id='word_1_156' title='bbox 1168 2637 1315 2716; x_wconf 84' lang='lat' dir='ltr'>Sanctis·</span> 
     </span>
     <span class='ocr_line' id='line_1_22' title="bbox 98 2747 1315 2848; baseline 0.004 -31"><span class='ocrx_word' id='word_1_157' title='bbox 98 2747 204 2824; x_wconf 89' lang='lat' dir='ltr'>simum</span> <span class='ocrx_word' id='word_1_158' title='bbox 228 2753 455 2828; x_wconf 86' lang='lat' dir='ltr'>Eucharistiae</span> <span class='ocrx_word' id='word_1_159' title='bbox 488 2756 739 2828; x_wconf 90' lang='lat' dir='ltr'>sacramentum</span> <span class='ocrx_word' id='word_1_160' title='bbox 765 2754 987 2848; x_wconf 88' lang='lat' dir='ltr'>sumpserint,</span> <span class='ocrx_word' id='word_1_161' title='bbox 1013 2771 1077 2828; x_wconf 90' lang='lat' dir='ltr'>neo</span> <span class='ocrx_word' id='word_1_162' title='bbox 1102 2770 1170 2826; x_wconf 92' lang='lat' dir='ltr'>non</span> <span class='ocrx_word' id='word_1_163' title='bbox 1203 2750 1315 2824; x_wconf 85' lang='lat' dir='ltr'>Eccle-</span> 
     </span>
     <span class='ocr_line' id='line_1_23' title="bbox 98 2858 1318 2959; baseline 0.006 -30"><span class='ocrx_word' id='word_1_164' title='bbox 98 2858 178 2947; x_wconf 92' lang='lat' dir='ltr'>siam,</span> <span class='ocrx_word' id='word_1_165' title='bbox 202 2865 254 2938; x_wconf 90' lang='lat' dir='ltr'>vel</span> <span class='ocrx_word' id='word_1_166' title='bbox 279 2866 451 2958; x_wconf 89' lang='lat' dir='ltr'>publicum</span> <span class='ocrx_word' id='word_1_167' title='bbox 477 2865 665 2940; x_wconf 82' lang='lat' dir='ltr'>oramrinm</span> <span class='ocrx_word' id='word_1_168' title='bbox 683 2867 866 2952; x_wconf 86' lang='lat' dir='ltr'>societatis,</span> <span class='ocrx_word' id='word_1_169' title='bbox 884 2873 941 2940; x_wconf 90' lang='lat' dir='ltr'>aut</span> <span class='ocrx_word' id='word_1_170' title='bbox 960 2865 1181 2959; x_wconf 88' lang='lat' dir='ltr'>respectivam</span> <span class='ocrx_word' id='word_1_171' title='bbox 1206 2861 1318 2937; x_wconf 82' lang='lat' dir='ltr'>Eccle-</span> 
     </span>
     <span class='ocr_line' id='line_1_24' title="bbox 97 2969 1317 3072; baseline 0.002 -26"><span class='ocrx_word' id='word_1_172' title='bbox 97 2969 167 3046; x_wconf 83' lang='lat' dir='ltr'>siam</span> <span class='ocrx_word' id='word_1_173' title='bbox 182 2979 404 3068; x_wconf 89' lang='lat' dir='ltr'>parochialem</span> <span class='ocrx_word' id='word_1_174' title='bbox 422 2978 635 3063; x_wconf 87' lang='lat' dir='ltr'>visitaverint,</span> <span class='ocrx_word' id='word_1_175' title='bbox 652 2979 767 3072; x_wconf 89' lang='lat' dir='ltr'>ibique</span> <span class='ocrx_word' id='word_1_176' title='bbox 783 2979 906 3072; x_wconf 90' lang='lat' dir='ltr'>pariter</span> <span class='ocrx_word' id='word_1_177' title='bbox 922 2977 983 3071; x_wconf 84' lang='lat' dir='ltr'>per&#39;</span> <span class='ocrx_word' id='word_1_178' title='bbox 1000 2977 1135 3070; x_wconf 89' lang='lat' dir='ltr'>aliquod</span> <span class='ocrx_word' id='word_1_179' title='bbox 1155 2977 1317 3070; x_wconf 90' lang='lat' dir='ltr'>temporis</span> 
     </span>
     <span class='ocr_line' id='line_1_25' title="bbox 96 3087 1318 3184; baseline 0.005 -30"><span class='ocrx_word' id='word_1_180' title='bbox 96 3087 223 3174; x_wconf 88' lang='lat' dir='ltr'>spatium</span> <span class='ocrx_word' id='word_1_181' title='bbox 246 3094 343 3184; x_wconf 82' lang='lat' dir='ltr'>juxta</span> <span class='ocrx_word' id='word_1_182' title='bbox 375 3098 524 3165; x_wconf 90' lang='lat' dir='ltr'>mentem</span> <span class='ocrx_word' id='word_1_183' title='bbox 556 3091 744 3166; x_wconf 83' lang='lat' dir='ltr'>sanctitatis</span> <span class='ocrx_word' id='word_1_184' title='bbox 770 3093 858 3166; x_wconf 92' lang='lat' dir='ltr'>suae</span> <span class='ocrx_word' id='word_1_185' title='bbox 890 3091 962 3183; x_wconf 89' lang='lat' dir='ltr'>pias</span> <span class='ocrx_word' id='word_1_186' title='bbox 989 3090 1032 3165; x_wconf 96' lang='lat' dir='ltr'>ad</span> <span class='ocrx_word' id='word_1_187' title='bbox 1062 3090 1170 3162; x_wconf 89' lang='lat' dir='ltr'>Deum</span> <span class='ocrx_word' id='word_1_188' title='bbox 1199 3105 1318 3180; x_wconf 86' lang='lat' dir='ltr'>preces</span> 
     </span>
     <span class='ocr_line' id='line_1_26' title="bbox 97 3197 1318 3298; baseline 0.003 -31"><span class='ocrx_word' id='word_1_189' title='bbox 97 3197 266 3278; x_wconf 89' lang='lat' dir='ltr'>elinderint.</span> <span class='ocrx_word' id='word_1_190' title='bbox 293 3205 345 3278; x_wconf 82' lang='lat' dir='ltr'>Ex</span> <span class='ocrx_word' id='word_1_191' title='bbox 374 3205 510 3298; x_wconf 91' lang='lat' dir='ltr'>speciali</span> <span class='ocrx_word' id='word_1_192' title='bbox 544 3212 655 3278; x_wconf 90' lang='lat' dir='ltr'>autem</span> <span class='ocrx_word' id='word_1_193' title='bbox 688 3206 792 3298; x_wconf 91' lang='lat' dir='ltr'>gratia</span> <span class='ocrx_word' id='word_1_194' title='bbox 824 3204 977 3296; x_wconf 83' lang='lat' dir='ltr'>ejusdem</span> <span class='ocrx_word' id='word_1_195' title='bbox 1009 3201 1197 3276; x_wconf 80' lang='lat' dir='ltr'>sanctitatis</span> <span class='ocrx_word' id='word_1_196' title='bbox 1230 3201 1318 3273; x_wconf 89' lang='lat' dir='ltr'>snae</span> 
     </span>
     <span class='ocr_line' id='line_1_27' title="bbox 95 3307 1318 3410; baseline 0.002 -31"><span class='ocrx_word' id='word_1_197' title='bbox 95 3307 204 3388; x_wconf 82' lang='lat' dir='ltr'>Romae</span> <span class='ocrx_word' id='word_1_198' title='bbox 235 3323 308 3389; x_wconf 92' lang='lat' dir='ltr'>tum</span> <span class='ocrx_word' id='word_1_199' title='bbox 341 3335 450 3410; x_wconf 91' lang='lat' dir='ltr'>nuper</span> <span class='ocrx_word' id='word_1_200' title='bbox 482 3319 694 3391; x_wconf 83' lang='lat' dir='ltr'>enuntiatam</span> <span class='ocrx_word' id='word_1_201' title='bbox 720 3317 904 3390; x_wconf 88' lang='lat' dir='ltr'>Plenariam</span> <span class='ocrx_word' id='word_1_202' title='bbox 936 3313 1180 3405; x_wconf 87' lang='lat' dir='ltr'>Indulgentiam</span> <span class='ocrx_word' id='word_1_203' title='bbox 1205 3311 1258 3384; x_wconf 92' lang='lat' dir='ltr'>bis</span> <span class='ocrx_word' id='word_1_204' title='bbox 1283 3309 1318 3382; x_wconf 92' lang='lat' dir='ltr'>in</span> 
     </span>
     <span class='ocr_line' id='line_1_28' title="bbox 96 3420 1318 3522; baseline 0.001 -30"><span class='ocrx_word' id='word_1_205' title='bbox 96 3437 197 3500; x_wconf 89' lang='lat' dir='ltr'>mense</span> <span class='ocrx_word' id='word_1_206' title='bbox 229 3429 485 3522; x_wconf 88' lang='lat' dir='ltr'>acquirendam,</span> <span class='ocrx_word' id='word_1_207' title='bbox 502 3436 584 3503; x_wconf 85' lang='lat' dir='ltr'>tum</span> <span class='ocrx_word' id='word_1_208' title='bbox 610 3429 694 3502; x_wconf 90' lang='lat' dir='ltr'>duas</span> <span class='ocrx_word' id='word_1_209' title='bbox 723 3430 803 3502; x_wconf 91' lang='lat' dir='ltr'>allas</span> <span class='ocrx_word' id='word_1_210' title='bbox 829 3428 996 3502; x_wconf 88' lang='lat' dir='ltr'>Plenarias</span> <span class='ocrx_word' id='word_1_211' title='bbox 1029 3423 1255 3516; x_wconf 86' lang='lat' dir='ltr'>indulgentias</span> <span class='ocrx_word' id='word_1_212' title='bbox 1283 3420 1318 3494; x_wconf 91' lang='lat' dir='ltr'>in</span> 
     </span>
     <span class='ocr_line' id='line_1_29' title="bbox 95 3531 1317 3625; baseline 0.002 -22"><span class='ocrx_word' id='word_1_213' title='bbox 95 3531 199 3612; x_wconf 90' lang='lat' dir='ltr'>diebos</span> <span class='ocrx_word' id='word_1_214' title='bbox 225 3542 317 3614; x_wconf 89' lang='lat' dir='ltr'>lestis</span> <span class='ocrx_word' id='word_1_215' title='bbox 342 3542 547 3616; x_wconf 89' lang='lat' dir='ltr'>loventinnis</span> <span class='ocrx_word' id='word_1_216' title='bbox 572 3543 807 3615; x_wconf 86' lang='lat' dir='ltr'>Sanctissimae</span> <span class='ocrx_word' id='word_1_217' title='bbox 832 3541 960 3625; x_wconf 84' lang='lat' dir='ltr'>Crucis,</span> <span class='ocrx_word' id='word_1_218' title='bbox 988 3558 1027 3613; x_wconf 91' lang='lat' dir='ltr'>ao</span> <span class='ocrx_word' id='word_1_219' title='bbox 1053 3537 1164 3612; x_wconf 89' lang='lat' dir='ltr'>Sancti</span> <span class='ocrx_word' id='word_1_220' title='bbox 1184 3533 1317 3608; x_wconf 83' lang='lat' dir='ltr'>Franci·</span> 
     </span>
     <span class='ocr_line' id='line_1_30' title="bbox 94 3644 1318 3746; baseline 0.001 -31"><span class='ocrx_word' id='word_1_221' title='bbox 94 3645 135 3718; x_wconf 89' lang='lat' dir='ltr'>sci</span> <span class='ocrx_word' id='word_1_222' title='bbox 156 3651 302 3738; x_wconf 90' lang='lat' dir='ltr'>llaverii,</span> <span class='ocrx_word' id='word_1_223' title='bbox 330 3655 380 3727; x_wconf 92' lang='lat' dir='ltr'>vel</span> <span class='ocrx_word' id='word_1_224' title='bbox 407 3655 442 3727; x_wconf 94' lang='lat' dir='ltr'>in</span> <span class='ocrx_word' id='word_1_225' title='bbox 469 3671 584 3728; x_wconf 91' lang='lat' dir='ltr'>eorum</span> <span class='ocrx_word' id='word_1_226' title='bbox 617 3653 812 3746; x_wconf 88' lang='lat' dir='ltr'>respectivis</span> <span class='ocrx_word' id='word_1_227' title='bbox 838 3653 979 3726; x_wconf 87' lang='lat' dir='ltr'>octiduis</span> <span class='ocrx_word' id='word_1_228' title='bbox 1014 3651 1167 3742; x_wconf 90' lang='lat' dir='ltr'>elargitas</span> <span class='ocrx_word' id='word_1_229' title='bbox 1200 3644 1318 3720; x_wconf 92' lang='lat' dir='ltr'>luerari</span> 
     </span>
     <span class='ocr_line' id='line_1_31' title="bbox 94 3759 1319 3860; baseline -0.003 -28"><span class='ocrx_word' id='word_1_230' title='bbox 94 3767 237 3847; x_wconf 87' lang='lat' dir='ltr'>poterunt</span> <span class='ocrx_word' id='word_1_231' title='bbox 262 3765 430 3860; x_wconf 92' lang='lat' dir='ltr'>adscripti,</span> <span class='ocrx_word' id='word_1_232' title='bbox 455 3768 495 3850; x_wconf 94' lang='lat' dir='ltr'>si,</span> <span class='ocrx_word' id='word_1_233' title='bbox 521 3772 559 3840; x_wconf 92' lang='lat' dir='ltr'>ot</span> <span class='ocrx_word' id='word_1_234' title='bbox 584 3767 663 3840; x_wconf 90' lang='lat' dir='ltr'>alias</span> <span class='ocrx_word' id='word_1_235' title='bbox 688 3767 750 3840; x_wconf 87' lang='lat' dir='ltr'>rite</span> <span class='ocrx_word' id='word_1_236' title='bbox 775 3765 927 3859; x_wconf 90' lang='lat' dir='ltr'>dispositi</span> <span class='ocrx_word' id='word_1_237' title='bbox 944 3766 1018 3838; x_wconf 87' lang='lat' dir='ltr'>loeo</span> <span class='ocrx_word' id='word_1_238' title='bbox 1043 3759 1238 3837; x_wconf 85' lang='lat' dir='ltr'>visitationis</span> <span class='ocrx_word' id='word_1_239' title='bbox 1258 3759 1319 3829; x_wconf 85' lang='lat' dir='ltr'>Ee</span> 
     </span>
     <span class='ocr_line' id='line_1_32' title="bbox 94 3869 1316 3973; baseline -0.002 -30"><span class='ocrx_word' id='word_1_240' title='bbox 94 3870 200 3950; x_wconf 88' lang='lat' dir='ltr'>clasiae</span> <span class='ocrx_word' id='word_1_241' title='bbox 229 3898 291 3953; x_wconf 91' lang='lat' dir='ltr'>seu</span> <span class='ocrx_word' id='word_1_242' title='bbox 323 3881 447 3973; x_wconf 86' lang='lat' dir='ltr'>publici</span> <span class='ocrx_word' id='word_1_243' title='bbox 473 3880 614 3953; x_wconf 83' lang='lat' dir='ltr'>oratorii</span> <span class='ocrx_word' id='word_1_244' title='bbox 651 3881 843 3965; x_wconf 88' lang='lat' dir='ltr'>societatis,</span> <span class='ocrx_word' id='word_1_245' title='bbox 869 3886 931 3953; x_wconf 87' lang='lat' dir='ltr'>aut</span> <span class='ocrx_word' id='word_1_246' title='bbox 964 3877 1119 3972; x_wconf 88' lang='lat' dir='ltr'>propriae</span> <span class='ocrx_word' id='word_1_247' title='bbox 1145 3869 1316 3954; x_wconf 89' lang='lat' dir='ltr'>Pareeiae,</span> 
     </span>
     <span class='ocr_line' id='line_1_33' title="bbox 93 3981 1320 4083; baseline -0.003 -25"><span class='ocrx_word' id='word_1_248' title='bbox 93 3981 262 4063; x_wconf 87' lang='lat' dir='ltr'>Ecclesiam</span> <span class='ocrx_word' id='word_1_249' title='bbox 292 3993 327 4064; x_wconf 92' lang='lat' dir='ltr'>S.</span> <span class='ocrx_word' id='word_1_250' title='bbox 352 3993 475 4066; x_wconf 84' lang='lat' dir='ltr'>llariae</span> <span class='ocrx_word' id='word_1_251' title='bbox 507 3991 719 4083; x_wconf 86' lang='lat' dir='ltr'>Magdalenae</span> <span class='ocrx_word' id='word_1_252' title='bbox 746 3991 949 4064; x_wconf 82' lang='lat' dir='ltr'>dlerieomm</span> <span class='ocrx_word' id='word_1_253' title='bbox 983 3984 1197 4080; x_wconf 86' lang='lat' dir='ltr'>Regularium</span> <span class='ocrx_word' id='word_1_254' title='bbox 1229 3981 1320 4055; x_wconf 88' lang='lat' dir='ltr'>inllr·</span> 
     </span>
     <span class='ocr_line' id='line_1_34' title="bbox 93 4092 1320 4196; baseline -0.002 -30"><span class='ocrx_word' id='word_1_255' title='bbox 93 4097 147 4169; x_wconf 89' lang='lat' dir='ltr'>mis</span> <span class='ocrx_word' id='word_1_256' title='bbox 171 4103 448 4189; x_wconf 88' lang='lat' dir='ltr'>ministrantium,</span> <span class='ocrx_word' id='word_1_257' title='bbox 474 4105 508 4176; x_wconf 92' lang='lat' dir='ltr'>in</span> <span class='ocrx_word' id='word_1_258' title='bbox 534 4122 601 4195; x_wconf 92' lang='lat' dir='ltr'>qna</span> <span class='ocrx_word' id='word_1_259' title='bbox 627 4104 781 4196; x_wconf 87' lang='lat' dir='ltr'>primitus</span> <span class='ocrx_word' id='word_1_260' title='bbox 806 4103 890 4176; x_wconf 90' lang='lat' dir='ltr'>baec</span> <span class='ocrx_word' id='word_1_261' title='bbox 916 4102 970 4195; x_wconf 93' lang='lat' dir='ltr'>pia</span> <span class='ocrx_word' id='word_1_262' title='bbox 996 4100 1144 4173; x_wconf 88' lang='lat' dir='ltr'>societas</span> <span class='ocrx_word' id='word_1_263' title='bbox 1169 4096 1204 4175; x_wconf 90' lang='lat' dir='ltr'>iu</span> <span class='ocrx_word' id='word_1_264' title='bbox 1233 4092 1320 4166; x_wconf 93' lang='lat' dir='ltr'>alma</span> 
     </span>
     <span class='ocr_line' id='line_1_35' title="bbox 95 4205 1320 4304; baseline -0.002 -25"><span class='ocrx_word' id='word_1_265' title='bbox 95 4205 171 4285; x_wconf 92' lang='lat' dir='ltr'>llrbe</span> <span class='ocrx_word' id='word_1_266' title='bbox 195 4217 372 4294; x_wconf 89' lang='lat' dir='ltr'>constituta</span> <span class='ocrx_word' id='word_1_267' title='bbox 397 4217 473 4302; x_wconf 92' lang='lat' dir='ltr'>luit,</span> <span class='ocrx_word' id='word_1_268' title='bbox 501 4216 638 4302; x_wconf 88' lang='lat' dir='ltr'>devote,</span> <span class='ocrx_word' id='word_1_269' title='bbox 665 4215 881 4298; x_wconf 89' lang='lat' dir='ltr'>visitaverint,</span> <span class='ocrx_word' id='word_1_270' title='bbox 908 4214 1034 4304; x_wconf 92' lang='lat' dir='ltr'>ibique,</span> <span class='ocrx_word' id='word_1_271' title='bbox 1060 4217 1097 4286; x_wconf 88' lang='lat' dir='ltr'>ut</span> <span class='ocrx_word' id='word_1_272' title='bbox 1123 4225 1235 4302; x_wconf 91' lang='lat' dir='ltr'>supra,</span> <span class='ocrx_word' id='word_1_273' title='bbox 1262 4221 1320 4277; x_wconf 90' lang='lat' dir='ltr'>ora</span> 
     </span>
     <span class='ocr_line' id='line_1_36' title="bbox 93 4324 1208 4400; baseline 0.005 -6"><span class='ocrx_word' id='word_1_274' title='bbox 93 4324 197 4400; x_wconf 81' lang='lat' dir='ltr'>verim.</span> <span class='ocrx_word' id='word_1_275' title='bbox 391 4331 397 4349; x_wconf 86' lang='lat'><em>‘</em></span> <span class='ocrx_word' id='word_1_276' title='bbox 1205 4335 1208 4344; x_wconf 80' lang='grc'><em>’</em></span> 
     </span>
    </p>
   </div>
   <div class='ocr_carea' id='block_1_4' title="bbox 0 0 1596 4922">
    <p class='ocr_par' dir='ltr' id='par_1_6' title="bbox 0 0 1596 4922">
     <span class='ocr_line' id='line_1_37' title="bbox 0 0 1596 4922; baseline 0 0"><span class='ocrx_word' id='word_1_277' title='bbox 0 0 1596 4922; x_wconf 95' lang='lat' dir='ltr'> </span> 
     </span>
    </p>
   </div>
  </div>
 </body>
</html>
