3182 4922
589 361 805 426 -509-

100 515 165 571 nm
187 502 280 569 tuum
305 497 501 570 invocatum
527 499 574 568 est
604 515 705 588 snper
736 494 875 569 domum
901 499 932 568 et
958 496 1129 570 civitatem
1153 497 1314 572 istam·at

101 629 186 703 super
209 611 403 682 naiomsum
423 611 590 702 poputum
616 614 721 692 tuum,
748 613 780 682 et
803 609 860 702 [oc
876 609 1050 682 caducam
1066 608 1249 682 secundum
1265 613 1315 684 in·

8 729 9 756 ¹
99 724 215 816 initam
239 720 511 794 misericordiam
537 727 643 794 tuam.
670 723 736 794 Per
761 721 915 794 eumdem
934 720 1103 813 Ciristum
1128 723 1313 798 Dominum
1350 713 1352 718 ’

8 827 9 864 ³
99 841 245 908 mstmm.
271 836 389 906 Amen.
1145 863 1148 870 ι
1304 886 1321 920 ,,

159 955 188 1018 r.
218 947 258 1018 Ut
283 945 333 1018 od
356 963 474 1020 oerum
495 946 744 1040 poenitentiam
769 965 829 1020 nos
849 943 1037 1038 perducere
1063 944 1250 1038 dipneris..

158 1079 189 1141 a.
219 1059 262 1130 Te
287 1075 451 1150 ropamus
476 1057 562 1130 audi
586 1076 658 1131 nas.

158 1179 189 1244 t.
210 1172 252 1245 ur
266 1173 427 1252 Domum,
448 1170 626 1244 Civitatem
642 1173 755 1255 istam,
774 1177 806 1244 et
823 1172 1015 1245 uniuersum
1028 1173 1200 1264 poputum
1217 1177 1313 1248 tuum

93 1285 226 1358 Domine
251 1283 441 1377 desmdere,
455 1283 653 1378 pacificare,
680 1283 860 1366 custodire,
887 1303 1088 1358 conseruare
1106 1285 1312 1378 et-piissimo

92 1393 316 1469 misericordia
342 1399 403 1468 tua
428 1396 593 1488 respicere
619 1394 794 1487 dipneris
1091 1415 1096 1422 ·

155 1529 187 1590 a.
217 1510 260 1582 Te
284 1526 448 1601 ropomus
473 1506 559 1580 audi
583 1527 654 1580 nos.
891 1562 895 1570 .

153 1628 185 1693 r.
209 1623 277 1694 Per
300 1625 521 1694 sacrosancta
547 1620 719 1702 humanae
744 1620 995 1714 Redernptionis
1020 1622 1194 1714 Mpsterio.
1220 1663 1227 1678 ι

152 1753 185 1814 s.
213 1735 286 1807 Cito
312 1733 499 1826 anticipent
523 1752 585 1807 nos
609 1734 753 1807 Domine
775 1732 1030 1808 misericordiae
1048 1739 1139 1817 tuae,
1158 1738 1190 1808 et
1202 1753 1311 1828 parce

84 1847 203 1940 papeia
228 1852 297 1918 tuo.

151 1965 183 2030 r.
209 1959 275 2032 Per
299 1959 424 2031 merita
443 1961 476 2030 et
491 1959 759 2032 intercessionem
775 1959 999 2033 Beatissimae
1018 1959 1198 2034 Genitricis
1216 1963 1307 2050 tuae,

87 2075 114 2142 et
136 2072 283 2146 omnium
311 2071 521 2163 nupciarum
546 2076 648 2162 atoue
675 2073 889 2145 Sanctorum.
992 2091 1001 2102 ‘

151 2203 183 2264 a.
212 2183 285 2256 Cito
312 2183 499 2274 anticipent
524 2202 585 2256 nos
601 2185 745 2256 Domine
765 2183 1020 2266 misericordiae
1045 2187 1135 2265 tuae,
1158 2187 1189 2256 et
1202 2203 1310 2276 parce

80 2297 201 2388 populo
227 2301 296 2368 tuo.
350 2333 353 2343 ·
428 2343 434 2352 ·
1088 2375 1090 2382 J
1247 2343 1250 2354 ·

147 2415 180 2481 tr.
208 2410 339 2482 Sancta
363 2410 482 2484 Maria
505 2409 576 2482 sine
593 2409 670 2506 labe
687 2409 852 2500 oripinati
868 2413 1041 2502 concepta,
1059 2413 1091 2481 et
1108 2425 1221 2484 omnes
1238 2408 1306 2481 Au-

82 2522 141 2611 oeti
165 2527 196 2594 et
222 2523 341 2594 Sancti
367 2521 562 2596 intercedite
585 2541 650 2614 pro
675 2522 771 2595 nocis
797 2520 846 2594 od
871 2522 1064 2595 Dominum.

145 2653 177 2712 u.
208 2633 251 2706 ut
276 2633 342 2707 cito
369 2634 558 2725 anticipent
583 2653 645 2705 nos
669 2631 924 2707 misericordiae
949 2634 1098 2715 Domini,
1125 2635 1158 2705 et
1178 2637 1308 2727 parcat

76 2747 195 2836 popuio
220 2765 302 2827 sno,
328 2751 367 2818 ui
392 2764 507 2818 omnes
532 2747 705 2838 cumipse
732 2745 883 2838 paudere
903 2747 1072 2840 possimus
1102 2747 1148 2818 in.
1163 2749 1304 2822 soeculo

80 2859 296 2930 saecularum.
323 2858 441 2951 Amen.

144 2971 364 3062 Omnipotens
390 2973 423 3042 et
446 2969 637 3043 misericors
662 2972 752 3044 Dens
775 2972 839 3065 fiat
862 2989 992 3064 semper
1024 2977 1057 3044 et
1086 2973 1124 3044 in
1149 2973 1304 3046 amnicus

80 3080 295 3154 sanctissima
319 3082 479 3154 noluntas
505 3085 566 3153 tua
591 3081 775 3154 secundnm
798 3084 969 3177 infinitam
995 3088 1027 3156 et
1043 3086 1220 3158 aeternam
1243 3085 1306 3158 mi·

77 3191 293 3266 sericardiam
318 3197 427 3266 inam
453 3195 521 3265 Per
547 3191 716 3266 Christum
742 3195 928 3268 Dominum
952 3194 1127 3268 Nostrum.
1153 3195 1270 3268 Amen.

413 3471 416 3477 Ι
459 3399 507 3448 ΡΙΛ
527 3399 705 3450 iuruuztouu
726 3401 765 3448 EI)
787 3399 922 3450 OFFBRTA

138 3525 266 3597 Etenna
283 3522 401 3597 Padre
416 3525 454 3596 in
471 3525 597 3596 unione
613 3521 650 3596 di
667 3527 757 3596 tutta
774 3524 810 3597 ia
829 3525 927 3597 Corte
953 3524 1080 3606 cataste,
1102 3525 1190 3599 ccoi
1206 3529 1303 3600 cuori

76 3633 261 3710 &rntnsimi
287 3635 325 3709 di
352 3637 439 3710 Gesie
465 3636 625 3710 clitorio
650 3635 787 3708 intendo
814 3637 931 3709 aoerm
956 3637 1068 3728 offerti
1093 3635 1135 3709 ed
1151 3638 1302 3729 apon‘roi

75 3745 114 3819 da
137 3755 227 3825 tutto
254 3748 278 3822 i’
293 3749 439 3822 eternitd
464 3767 481 3821 e
502 3767 568 3841 per
593 3752 682 3820 tutto
709 3747 730 3820 i’
744 3748 888 3822 eternitc
913 3749 940 3822 ii
962 3751 1098 3840 Sanpne
1118 3750 1299 3841 preciosis·

74 3860 148 3934 simo
173 3861 211 3934 di
239 3861 279 3934 G.
309 3861 345 3933 C.
373 3861 387 3933 i
411 3860 487 3933 suoi
511 3860 625 3933 meriti
649 3858 783 3953 induiti,
810 3879 828 3934 e
854 3859 946 3933 detio
972 3859 1101 3942 cuasa,
1119 3859 1155 3931 in
1171 3861 1298 3935 isaanta

75 3968 120 4042 dei
142 3974 254 4048 nostri
274 3974 424 4066 peccati,
451 3992 469 4045 e
495 3969 532 4044 di
557 3974 643 4044 tutto
669 3972 696 4043 it
719 3970 857 4054 mando,
880 3989 945 4064 per
970 3973 1006 4044 ta
1032 3971 1236 4044 tiberaaione
1262 3973 1300 4046 di

74 4083 146 4156 tude
170 4087 203 4159 te
228 4085 346 4158 anime
372 4083 428 4157 dei
453 4083 678 4175 Purpata'ria,
705 4080 748 4154 ed
763 4084 799 4155 in
820 4083 1110 4174 rinproziamento
1128 4099 1221 4155 came
1238 4085 1298 4176 pia

72 4197 168 4268 uaoi
193 4217 211 4270 e
237 4216 262 4269 a
288 4198 368 4270 tutti
394 4196 431 4269 di
457 4200 544 4268 tuito
571 4195 597 4267 ii
621 4191 746 4266 mando
769 4195 918 4287 presenti
935 4213 952 4266 e
967 4193 1076 4287 tutari
1092 4199 1203 4268 aceste
1216 4214 1296 4270 con·

72 4303 180 4384 reduto
207 4311 288 4386 tutti
314 4309 392 4402 quei
419 4307 513 4390 doni,
540 4307 669 4400 prozie,
696 4327 714 4380 e
737 4305 985 4392 misericordie,
1012 4305 1071 4380 cire
1096 4323 1178 4382 sono
1203 4305 1296 4382 detta
