3182 4922
654 320 872 388 -sol-

220 457 273 534 Ad
298 457 484 532 seeundum
511 455 743 529 «Affirmatlve
765 456 861 547 juxte
886 455 1023 528 modum
1049 461 1086 529 ut
1110 455 1144 528 iu
1173 455 1331 548 prima».

221 571 272 645 Ad
297 570 431 644 tertium
458 567 691 642 ‹Affirmetive
714 568 810 660 juxte
835 566 1160 642 consuetudinem».

219 684 272 758 Ad
297 688 454 775 quartum
479 679 712 754 «Affirmetire
735 681 829 772 tuma
855 678 1132 754 cousuetudinem
1149 711 1183 752 ι.
1255 745 1261 761 ,

220 795 273 868 lu
297 794 452 888 quintum
477 791 710 865 ‹Affirmetive
727 821 761 864 ».

220 905 273 982 Ad
296 912 431 980 sextum
457 904 691 980 ‹Affirmatire
707 935 741 977 ι.
787 997 789 1002 Ι
816 976 820 982 .

220 1021 304 1093 Cum
338 1038 417 1092 vero
450 1018 493 1090 de
525 1018 720 1111 praemissis
753 1017 968 1092 sanctissimo
1001 1019 1144 1092 Domino
1177 1020 1297 1095 Nostro
1326 1019 1385 1094 Pio

145 1135 210 1206 PP.
236 1134 283 1205 lll
307 1150 326 1203 a
352 1149 408 1204 me
432 1130 621 1224 subscripto
638 1129 790 1223 ejusdem
807 1131 880 1203 Sao.
899 1131 1176 1224 Congregattonts
1201 1133 1384 1207 secretario

140 1247 231 1322 tuate
255 1243 372 1318 luisset
396 1242 511 1318 relatio
537 1243 571 1314 ln
596 1242 773 1316 ludentia
797 1241 863 1316 diei
891 1248 935 1314 lt
961 1243 1068 1336 ipsius
1084 1245 1201 1329 Martii,
1220 1245 1383 1320 Sanctitas

142 1358 214 1434 Sua
230 1356 394 1450 praelatas
411 1355 760 1429 Eminentissimorum
777 1355 911 1429 Petrum
930 1357 1150 1430 resolutiones
1166 1357 1312 1450 benigue
1328 1377 1383 1452 ap·

148 1469 311 1562 probarit.
337 1470 457 1542 Datum
483 1469 608 1541 Romae
634 1485 676 1540 ex
701 1465 884 1540 Secreterlo
911 1465 1062 1558 ejusdem
1091 1467 1163 1540 Sor.
1195 1467 1383 1560 Congrege-

142 1581 251 1662 tlonis
275 1580 403 1674 ludulg.
431 1578 485 1653 dio
514 1584 557 1652 lt
583 1578 689 1654 Martii
712 1583 816 1650 teus.

819 1691 855 1766 F.
882 1692 986 1765 erno.
1012 1691 1184 1776 rlsoomros
1210 1695 1331 1768 Pnuur.

877 1806 917 1878 A.
947 1805 1107 1879 Columbo
1135 1807 1260 1880 Seeret

677 2001 848 2075 uextlx.

644 2149 880 2202 vettonum.

217 2256 406 2352 Episcopus
431 2254 635 2332 Veronensis
659 2273 737 2328 aum
764 2256 885 2330 Sarrae
915 2253 1170 2347 congregationi
1202 2253 1383 2350 touulgen-

142 2371 267 2447 tierurn
293 2369 394 2444 dubia
419 2375 457 2444 ut
481 2369 565 2443 inira
591 2366 766 2443 enodanda
791 2367 1031 2462 proposuisset,
1058 2385 1192 2460 nempe.

222 2482 271 2558 t.⁰
300 2483 420 2556 Utrum
439 2482 662 2576 priuilegium
694 2481 871 2555 Clementis
903 2479 994 2554 ΧΠ]
1025 2477 1118 2571 quod
1151 2479 1210 2572 pai
1234 2483 1383 2556 assolent

142 2597 297 2692 confiteri
321 2596 422 2670 semet
447 2596 568 2669 saltem
593 2595 630 2667 in
656 2591 875 2667 hebdomada
895 2593 1029 2686 possint
1055 2593 1187 2666 taarari
1199 2593 1383 2688 Indulgere

142 2711 211 2784 tias
236 2707 419 2783 Ptenarr'os
444 2705 538 2801 infra
564 2704 818 2798 hebdomadam
844 2709 1068 2791 occurrentes,
1095 2723 1172 2780 enm
1198 2707 1274 2780 sola
1291 2725 1383 2781 eorn-

142 2822 306 2896 rnnniane
331 2819 487 2913 quamuis
512 2820 549 2892 in
568 2819 672 2894 Brevi
697 2820 889 2912 rponotteo
909 2819 1077 2914 Confessio
1091 2819 1310 2916 praescripto
1326 2821 1381 2904 sit,

141 2937 262 3010 ooteot
286 2939 319 3007 et
343 2932 548 3006 extendatur
574 2933 678 3006 etiam
692 2949 759 3026 pro
777 2930 949 3007 torrenda
973 2931 1196 3027 Indulgentio
1212 2935 1315 3025 uulgo
1340 2933 1382 3008 de

141 3045 369 3124 Portioneuta
395 3045 449 3120 die
475 3051 496 3117 2
522 3044 667 3138 Augusti
679 3045 695 3114 t

91 3203 96 3212 -
219 3157 269 3232 2⁰
299 3158 418 3233 Utrum
431 3157 633 3254 praefatum
644 3157 868 3251 privilegium
884 3157 1093 3250 suffragetur
1110 3157 1214 3228 etiem
1237 3157 1306 3231 iilis
1323 3161 1382 3248 ptri

141 3290 213 3348 non
238 3273 386 3346 assolent
410 3271 563 3366 confiteri
587 3271 689 3344 semet
713 3271 835 3343 saltem
852 3270 888 3342 in
905 3267 1135 3352 tetmmada,
1162 3267 1222 3342 sed
1246 3271 1381 3346 ranas.-

142 3389 299 3458 uttornen
324 3384 466 3478 confessi
489 3388 567 3457 sont
583 3383 679 3457 intro
696 3379 950 3456 hebdomadam
976 3384 1055 3454 onte
1079 3380 1308 3474 festivitatem,
1326 3382 1381 3458 eni

142 3501 191 3574 est
217 3495 357 3570 udoeeo
382 3495 632 3590 Indulgentiot

219 3607 269 3682 3.⁰
298 3609 418 3682 Utrum
436 3608 604 3704 Confessio
622 3605 883 3682 hebdomadale
900 3607 1016 3680 uoteot
1041 3607 1145 3680 etiarn
1158 3627 1225 3702 pro
1243 3607 1380 3681 terren

143 3722 192 3796 da
218 3721 438 3815 Indulgentio
455 3721 491 3794 in
506 3721 622 3817 formo
646 3720 805 3802 taddaei,
824 3724 856 3794 et
873 3718 1078 3793 extendetur
1102 3721 1285 3794 Decretum
1307 3720 1379 3794 ete·

141 3834 266 3908 mentis
290 3835 357 3908 PP.
384 3835 475 3908 XIII
503 3835 662 3916 Veronae,
689 3831 776 3906 idest
801 3833 1018 3926 persaepius
1041 3834 1189 3907 assolent
1214 3833 1379 3927 confini,

134 3947 271 4043 possint
295 3947 426 4020 terrori
450 3945 708 4041 indulgentiam
733 3946 867 4020 etiarnsi
900 3945 1062 4040 confessio
1088 3946 1226 4020 nonsit
1251 3944 1377 4020 hebdo-

140 4058 323 4134 modulis?

215 4171 479 4248 Eminentissimi
503 4173 618 4246 Patres
642 4171 678 4244 in
703 4172 914 4263 generalibus
930 4170 1080 4244 comitis
1097 4169 1187 4264 apud
1204 4170 1380 4244 Vaicanus

142 4285 245 4364 AEdes
284 4286 400 4378 quinte
426 4285 480 4360 die
505 4285 610 4364 Martii
648 4285 794 4361 ineuntis
831 4285 910 4370 anni
939 4284 1060 4364 habitis
1069 4283 1380 4378 „praecedentibus

268 4403 312 4470 36
