3182 4922
583 351 803 418 -otb-

12 555 13 568 g
95 484 257 568 terioerint
283 484 524 578 indulgentiam
549 485 734 560 Plenariam
759 487 997 580 acquirendam
1021 492 1128 564 semei
1152 489 1238 564 inira
1264 491 1314 565 di·

95 605 170 670 otum
192 615 353 683 mensem,
379 599 432 674 rel
458 599 541 672 inira
566 606 697 692 septem
722 597 794 674 dies
821 601 937 697 ipsum
953 620 1106 677 mensem
1123 603 1316 678 immediate

12 715 13 730 ¹
94 717 266 802 soquentes,
292 711 347 784 die
372 713 637 804 uniuscnjusque
654 711 790 786 arbitrio
816 711 983 806 eligenda,
1001 717 1035 788 io
1053 735 1215 807 quarere
1235 735 1318 809 poe·

93 823 219 898 nitentes
242 823 397 909 molossi,
424 841 464 898 ao
488 825 523 898 S.
549 825 937 912 communionoreteoti,
963 825 1109 920 aliquam
1133 828 1318 904 Ecclesiam

92 955 142 1011 sen
155 937 323 1030 pnbiionm
340 938 527 1014 oratorium
553 939 770 1023 risitarerint,
788 939 903 1032 ibique
917 958 981 1034 per
998 939 1131 1033 aliquod
1155 942 1317 1034 temporis

93 1050 219 1142 spatium
241 1053 338 1143 juxta
363 1056 511 1124 mentem
536 1050 723 1124 Sanotitails
748 1051 836 1124 Suae
853 1053 908 1145 pie
928 1053 1105 1138 oraverim,
1119 1052 1315 1144 ¹elementor

92 1167 133 1236 ot
146 1162 318 1256 elargitum
335 1164 484 1256 itemque
500 1163 688 1256 praelatum
696 1165 914 1238 ’Exeroibum
929 1172 967 1237 ut
982 1181 1085 1260 snpra
1102 1183 1318 1258 qnooumqno

91 1273 224 1348 similiter
255 1276 336 1348 anni
360 1274 424 1350 die·
440 1273 642 1369 incipiendo,
677 1275 740 1349 sed
756 1277 926 1368 privatim
951 1276 1023 1350 siro
1047 1293 1109 1370 per
1127 1279 1320 1370 peouliaria

91 1387 236 1480 obsequia
261 1389 335 1462 sire
358 1388 575 1482 perderotas
592 1407 710 1482 praees
726 1390 882 1466 antelios
906 1389 1067 1464 virtutum
1093 1395 1191 1464 aetus
1208 1391 1319 1465 inbo-

90 1515 191 1574 norem
203 1499 357 1593 ejusdem
374 1500 610 1576 Pretiosissimi
621 1502 801 1594 Sanguinis
814 1503 1052 1596 peragentibus
1068 1502 1320 1595 indulgentiam

91 1619 260 1688 moenium
288 1614 419 1689 diemm
444 1616 550 1688 semei
574 1616 609 1688 in
630 1615 782 1707 qualibet
813 1609 919 1710 ipsios
950 1617 1078 1690 mensis
1103 1616 1157 1690 die
1185 1617 1317 1691 lueriis·

91 1725 245 1801 eiendam:
259 1729 302 1802 si
327 1746 408 1802 voro
433 1747 494 1822 per
518 1729 685 1821 integrum
711 1747 865 1803 mensem
889 1731 1092 1824 praemissa.
1110 1731 1318 1826 peregerint,

90 1839 260 1914 Pieoariam
286 1839 530 1933 indulgentiam
557 1841 610 1914 rei
626 1842 661 1914 in
687 1841 803 1916 ultimo
820 1859 865 1918 ex
881 1843 1015 1935 triginta
1043 1842 1174 1928 diebus,
1192 1843 1246 1916 rei
1262 1863 1319 1936 pr·
1369 1889 1372 1905 .
1464 1891 1472 1900 -

90 1951 203 2024 riterin
225 1969 297 2026 uuo
312 1969 357 2026 ex
374 1959 504 2046 septem
530 1953 751 2045 sequentibus
768 1953 888 2027 diebos
913 1955 1315 2047 consequendamdom·

89 2062 338 2158 modosingnlas
351 2063 516 2156 lnjonotas
529 2063 737 2140 eonditiones
750 2085 852 2160 snpra
865 2068 1035 2159 expositas
1051 2067 1193 2144 fideliter
1207 2067 1314 2158 adim·

88 2175 195 2268 pisant,
221 2184 436 2272 peramanter
459 2178 650 2271 impertitus
664 2185 727 2268 est.
744 2179 886 2272 iusuper
902 2179 1029 2274 &dem
1053 2180 1218 2252 Sanctitas
1242 2181 1311 2257 Sua

89 2289 231 2364 omnibns
255 2291 435 2382 utriusque
450 2309 556 2366 soxns
572 2289 849 2374 christifidelibus
865 2308 946 2364 rere
962 2291 1214 2384 poenitentibus
1236 2305 1317 2365 oon·
1424 2342 1426 2346 -

88 2399 173 2474 lossis
197 2421 235 2476 ao
260 2403 298 2476 S.
325 2403 569 2476 Commuoione
592 2403 734 2488 reiootis,
752 2403 812 2494 qni
836 2403 1017 2476 Eooleslam
1031 2403 1324 2492 ,Ambisonirates

88 2513 186 2588 nitatis
210 2513 448 2590 Preliosissimi
464 2515 653 2608 Sangarium,
672 2515 725 2588 rel
740 2507 1004 2606 quemeumque
1017 2515 1115 2588 aliam
1130 2515 1314 2588 Eoelosiam

88 2643 141 2698 sen
161 2627 335 2720 poblicum
360 2627 558 2712 oratorium,
576 2628 612 2702 io
628 2645 699 2720 quo
713 2627 886 2713 sodalitas,
904 2629 959 2702 rol
974 2627 1031 2701 Pia
1050 2627 1136 2702 linio
1162 2627 1316 2721 ejusdem

89 2739 160 2812 libili
182 2739 345 2814 oanooioe
369 2741 533 2833 reperitur
555 2747 685 2826 ereeta,
715 2741 787 2814 sire
812 2757 1063 2835 quamonmqno
1087 2759 1132 2816 ex
1157 2741 1317 2818 omasus

88 2850 209 2926 Patmm
234 2853 522 2930 Missionariorom
548 2853 782 2927 Pretiosissimi
807 2853 986 2946 Sanguinis
1002 2855 1040 2928 iu
1051 2856 1169 2948 prima
1189 2855 1319 2932 mensis

88 2964 152 3038 iulii
174 2965 360 3052 Dominioa,
386 2985 450 3044 neo
474 2985 543 3040 non
561 2967 595 3040 io
619 2965 701 3040 leria
721 2972 817 3041 serta
841 2973 917 3060 post
940 2973 1105 3060 quartam
1121 2953 1314 3060 quadrage·

88 3075 180 3152 simae
204 3077 424 3163 Dominioam,
442 3079 476 3151 in
494 3098 561 3171 qua
575 3077 725 3152 offitium
741 3079 899 3153 renitatur
914 3077 957 3152 ds
974 3078 1218 3153 Pretiosisstmo
1231 3081 1317 3152 *San-

89 3190 189 3279 goioo,
214 3191 338 3268 devoto
363 3191 577 3274 visitaverint,
604 3191 718 3282 ibique
743 3209 804 3284 per
829 3189 1149 3283 aliquod'temporis
1170 3191 1317 3282 spatium

87 3300 171 3392 mnia
195 3311 345 3380 mentem
370 3304 558 3378 Sanotitatis
584 3303 672 3378 Suae
696 3305 752 3396 pie
777 3303 952 3388 oraverint,
978 3299 1221 3394 indulgentiam
1242 3301 1315 3382 Ple·

88 3414 214 3500 nariam,
240 3414 467 3508 incipiendam
492 3435 512 3490 a
539 3415 655 3508 primis
681 3415 830 3508 vesperis
854 3433 964 3506 nsque
990 3412 1033 3486 ad
1057 3429 1213 3492 oceasum
1236 3413 1316 3487 solis

88 3525 323 3614 pmodiotorum
333 3526 484 3613 dierum·
498 3527 571 3621 pari
587 3527 790 3620 benignitate
807 3526 982 3614 consessit,
1000 3524 1084 3598 laota
1101 3519 1317 3618 quoque'po

89 3641 208 3716 testate¹
220 3637 358 3713 easdem
375 3645 444 3713 mm
468 3640 647 3724 Plenarias,
665 3657 768 3732 quam
785 3637 941 3710 Partiales
957 3637 1234 3730 indulgentiasio
1251 3636 1319 3710 sul·

89 3747 219 3842 Qum
245 3751 395 3828 fidolium
412 3751 651 3834 Delnootorum
668 3751 865 3845 applicandi.
893 3749 1128 3824 Praesentibus
1144 3749 1179 3822 in
1197 3765 1319 3841 perpo-

90 3867 176 3938 trum
200 3865 350 3938 valituris
376 3865 505 3957 absque
530 3864 596 3937 ulla
620 3865 734 3938 Brevis
761 3861 985 3956 expeditione.
1063 3879 1067 3888 ’
1118 3883 1121 3890 ¹
1231 3899 1257 3906 ··

152 3977 274 4053 batum
299 3977 425 4051 Romae
448 3995 491 4052 ex
516 3977 698 4052 Seoreiaria
715 3979 788 4054 Sao.
806 3973 1080 4140 congregationis
1097 3971 1319 4124 induigentia

90 4103 156 4162 mm
180 4089 237 4164 die
264 4096 285 4163 i
310 4091 414 4165 iunii
427 4095 532 4164 istd.

744 4203 813 4274 .i=*.
840 4201 944 4275 Cion.
970 4139 1145 4282 Asonmms
1170 4198 1301 4272 emm.

878 4311 1187 4389 idotioSeortt
1297 4364 1301 4374 2
