<?xml version="1.0" encoding="UTF-8"?>
<!DOCTYPE html PUBLIC "-//W3C//DTD XHTML 1.0 Transitional//EN"
    "http://www.w3.org/TR/xhtml1/DTD/xhtml1-transitional.dtd">
<html xmlns="http://www.w3.org/1999/xhtml" xml:lang="en" lang="en">
 <head>
  <title>
</title>
<meta http-equiv="Content-Type" content="text/html;charset=utf-8" />
  <meta name='ocr-system' content='tesseract 3.04.00' />
  <meta name='ocr-capabilities' content='ocr_page ocr_carea ocr_par ocr_line ocrx_word'/>
</head>
<body>
  <div class='ocr_page' id='page_1' title='image "./resolutionesseu00pringoog_0549.png"; bbox 0 0 3182 4922; ppageno 0'>
   <div class='ocr_carea' id='block_1_1' title="bbox 261 337 1489 2453">
    <p class='ocr_par' dir='ltr' id='par_1_1' title="bbox 261 337 1489 2136">
     <span class='ocr_line' id='line_1_1' title="bbox 792 337 1010 404; baseline -0.005 -1"><span class='ocrx_word' id='word_1_1' title='bbox 792 369 838 385; x_wconf 93' lang='lat'><em>-</em></span> <span class='ocrx_word' id='word_1_2' title='bbox 866 337 935 404; x_wconf 74' lang='lat' dir='ltr'><strong>dii</strong></span> <span class='ocrx_word' id='word_1_3' title='bbox 963 368 1010 385; x_wconf 91' lang='lat'><strong>···</strong></span> 
     </span>
     <span class='ocr_line' id='line_1_2' title="bbox 266 467 1488 560; baseline -0.006 -12"><span class='ocrx_word' id='word_1_4' title='bbox 266 479 346 548; x_wconf 89' lang='lat' dir='ltr'><strong>sunt</strong></span> <span class='ocrx_word' id='word_1_5' title='bbox 370 473 404 544; x_wconf 93' lang='lat' dir='ltr'><strong>in</strong></span> <span class='ocrx_word' id='word_1_6' title='bbox 431 473 557 546; x_wconf 79' lang='lat' dir='ltr'>Libello</span> <span class='ocrx_word' id='word_1_7' title='bbox 582 472 637 545; x_wconf 92' lang='lat' dir='ltr'><strong>cui</strong></span> <span class='ocrx_word' id='word_1_8' title='bbox 663 471 777 544; x_wconf 88' lang='lat' dir='ltr'><strong>titulus</strong></span> <span class='ocrx_word' id='word_1_9' title='bbox 802 470 1033 542; x_wconf 85' lang='lat' dir='ltr'><strong>«Nouissime</strong></span> <span class='ocrx_word' id='word_1_10' title='bbox 1062 471 1167 543; x_wconf 84' lang='lat' dir='ltr'><strong>scelte</strong></span> <span class='ocrx_word' id='word_1_11' title='bbox 1197 469 1235 541; x_wconf 85' lang='lat' dir='ltr'><strong>di</strong></span> <span class='ocrx_word' id='word_1_12' title='bbox 1264 467 1374 542; x_wconf 83' lang='lat' dir='ltr'><strong>Laudi</strong></span> <span class='ocrx_word' id='word_1_13' title='bbox 1399 488 1488 560; x_wconf 83' lang='lat' dir='ltr'><strong>segre</strong></span> 
     </span>
     <span class='ocr_line' id='line_1_3' title="bbox 266 580 1488 678; baseline -0.003 -19"><span class='ocrx_word' id='word_1_14' title='bbox 266 589 457 678; x_wconf 86' lang='lat' dir='ltr'><strong>upproootc</strong></span> <span class='ocrx_word' id='word_1_15' title='bbox 482 584 545 658; x_wconf 89' lang='lat' dir='ltr'><strong>dol</strong></span> <span class='ocrx_word' id='word_1_16' title='bbox 576 585 717 658; x_wconf 84' lang='lat' dir='ltr'><strong>Veacooo</strong></span> <span class='ocrx_word' id='word_1_17' title='bbox 744 581 781 655; x_wconf 82' lang='lat' dir='ltr'><strong>dt</strong></span> <span class='ocrx_word' id='word_1_18' title='bbox 806 581 970 658; x_wconf 82' lang='lat' dir='ltr'><strong>Mandoni</strong></span> <span class='ocrx_word' id='word_1_19' title='bbox 996 580 1046 654; x_wconf 86' lang='lat' dir='ltr'><strong>ud</strong></span> <span class='ocrx_word' id='word_1_20' title='bbox 1069 600 1130 654; x_wconf 85' lang='lat' dir='ltr'><strong>uso</strong></span> <span class='ocrx_word' id='word_1_21' title='bbox 1156 580 1249 654; x_wconf 82' lang='lat' dir='ltr'><strong>dello</strong></span> <span class='ocrx_word' id='word_1_22' title='bbox 1273 600 1336 654; x_wconf 80' lang='lat' dir='ltr'><strong>ouo</strong></span> <span class='ocrx_word' id='word_1_23' title='bbox 1359 580 1488 655; x_wconf 61' lang='lat' dir='ltr'><strong>Dioren</strong></span> 
     </span>
     <span class='ocr_line' id='line_1_4' title="bbox 265 693 1487 790; baseline -0.007 -18"><span class='ocrx_word' id='word_1_24' title='bbox 265 697 430 772; x_wconf 83' lang='lat' dir='ltr'><strong>Mondooi</strong></span> <span class='ocrx_word' id='word_1_25' title='bbox 442 715 560 790; x_wconf 82' lang='lat' dir='ltr'><strong>presso</strong></span> <span class='ocrx_word' id='word_1_26' title='bbox 578 697 692 769; x_wconf 87' lang='lat' dir='ltr'><strong>Pietro</strong></span> <span class='ocrx_word' id='word_1_27' title='bbox 712 696 808 768; x_wconf 80' lang='lat' dir='ltr'><strong>Rossi</strong></span> <span class='ocrx_word' id='word_1_28' title='bbox 837 695 1022 788; x_wconf 77' lang='lat' dir='ltr'><strong>iipogruso</strong></span> <span class='ocrx_word' id='word_1_29' title='bbox 1050 695 1214 768; x_wconf 80' lang='lat' dir='ltr'><strong>Verconile</strong></span> <span class='ocrx_word' id='word_1_30' title='bbox 1241 697 1359 764; x_wconf 75' lang='lat'><strong>1852»</strong></span> <span class='ocrx_word' id='word_1_31' title='bbox 1383 693 1427 765; x_wconf 78' lang='lat' dir='ltr'><strong>dc</strong></span> <span class='ocrx_word' id='word_1_32' title='bbox 1440 693 1487 764; x_wconf 93' lang='lat' dir='ltr'><strong>ln·</strong></span> 
     </span>
     <span class='ocr_line' id='line_1_5' title="bbox 264 806 1488 901; baseline -0.005 -19"><span class='ocrx_word' id='word_1_33' title='bbox 264 809 469 901; x_wconf 70' lang='lat' dir='ltr'><strong>dulgentiam</strong></span> <span class='ocrx_word' id='word_1_34' title='bbox 494 814 629 884; x_wconf 89' lang='lat' dir='ltr'><strong>eentum</strong></span> <span class='ocrx_word' id='word_1_35' title='bbox 648 807 779 882; x_wconf 93' lang='lat' dir='ltr'><strong>dierum</strong></span> <span class='ocrx_word' id='word_1_36' title='bbox 796 808 928 898; x_wconf 85' lang='lat' dir='ltr'><strong>quoties</strong></span> <span class='ocrx_word' id='word_1_37' title='bbox 954 807 1143 899; x_wconf 81' lang='lat' dir='ltr'><strong>peregerint</strong></span> <span class='ocrx_word' id='word_1_38' title='bbox 1166 806 1232 879; x_wconf 87' lang='lat' dir='ltr'><strong>huc</strong></span> <span class='ocrx_word' id='word_1_39' title='bbox 1253 806 1449 888; x_wconf 74' lang='lat' dir='ltr'><strong>exercitium,</strong></span> <span class='ocrx_word' id='word_1_40' title='bbox 1463 806 1488 877; x_wconf 89' lang='lat' dir='ltr'><strong>si</strong></span> 
     </span>
     <span class='ocr_line' id='line_1_6' title="bbox 264 913 1489 1010; baseline -0.003 -14"><span class='ocrx_word' id='word_1_41' title='bbox 264 929 376 996; x_wconf 90' lang='lat' dir='ltr'><strong>tamen</strong></span> <span class='ocrx_word' id='word_1_42' title='bbox 390 922 513 996; x_wconf 86' lang='lat' dir='ltr'><strong>luerint</strong></span> <span class='ocrx_word' id='word_1_43' title='bbox 525 921 626 995; x_wconf 92' lang='lat' dir='ltr'><strong>corde</strong></span> <span class='ocrx_word' id='word_1_44' title='bbox 639 913 759 996; x_wconf 86' lang='lat' dir='ltr'><strong>saltem</strong></span> <span class='ocrx_word' id='word_1_45' title='bbox 776 922 928 994; x_wconf 92' lang='lat' dir='ltr'><strong>contrito.</strong></span> <span class='ocrx_word' id='word_1_46' title='bbox 947 920 1226 994; x_wconf 87' lang='lat' dir='ltr'><strong>Promorentibus</strong></span> <span class='ocrx_word' id='word_1_47' title='bbox 1240 937 1331 1000; x_wconf 83' lang='lat' dir='ltr'><strong>uero,</strong></span> <span class='ocrx_word' id='word_1_48' title='bbox 1345 925 1377 992; x_wconf 89' lang='lat' dir='ltr'><strong>et</strong></span> <span class='ocrx_word' id='word_1_49' title='bbox 1392 919 1489 1010; x_wconf 83' lang='lat' dir='ltr'><strong>ipsum</strong></span> 
     </span>
     <span class='ocr_line' id='line_1_7' title="bbox 264 1031 1488 1126; baseline -0.005 -18"><span class='ocrx_word' id='word_1_50' title='bbox 264 1034 459 1108; x_wconf 81' lang='lat' dir='ltr'><strong>exercitium</strong></span> <span class='ocrx_word' id='word_1_51' title='bbox 485 1035 734 1126; x_wconf 81' lang='lat' dir='ltr'><strong>peragentibus,</strong></span> <span class='ocrx_word' id='word_1_52' title='bbox 762 1032 1004 1125; x_wconf 90' lang='lat' dir='ltr'><strong>indulgentiam</strong></span> <span class='ocrx_word' id='word_1_53' title='bbox 1031 1032 1215 1106; x_wconf 89' lang='lat' dir='ltr'><strong>Plenan&#39;am</strong></span> <span class='ocrx_word' id='word_1_54' title='bbox 1241 1033 1275 1104; x_wconf 90' lang='lat' dir='ltr'><strong>in</strong></span> <span class='ocrx_word' id='word_1_55' title='bbox 1302 1032 1385 1104; x_wconf 87' lang='lat' dir='ltr'><strong>leste</strong></span> <span class='ocrx_word' id='word_1_56' title='bbox 1412 1031 1488 1102; x_wconf 87' lang='lat' dir='ltr'><strong>Nati·</strong></span> 
     </span>
     <span class='ocr_line' id='line_1_8' title="bbox 263 1143 1487 1236; baseline -0.002 -18"><span class='ocrx_word' id='word_1_57' title='bbox 263 1147 372 1220; x_wconf 86' lang='lat' dir='ltr'><strong>vitatis</strong></span> <span class='ocrx_word' id='word_1_58' title='bbox 397 1146 529 1222; x_wconf 87' lang='lat' dir='ltr'><strong>Domini</strong></span> <span class='ocrx_word' id='word_1_59' title='bbox 564 1147 614 1218; x_wconf 86' lang='lat' dir='ltr'><strong>vel</strong></span> <span class='ocrx_word' id='word_1_60' title='bbox 647 1147 681 1218; x_wconf 93' lang='lat' dir='ltr'><strong>in</strong></span> <span class='ocrx_word' id='word_1_61' title='bbox 715 1145 788 1236; x_wconf 75' lang='lat' dir='ltr'><strong>eius</strong></span> <span class='ocrx_word' id='word_1_62' title='bbox 814 1143 963 1225; x_wconf 82' lang='lat' dir='ltr'><strong>octiduo,</strong></span> <span class='ocrx_word' id='word_1_63' title='bbox 996 1145 1103 1218; x_wconf 90' lang='lat' dir='ltr'><strong>semel</strong></span> <span class='ocrx_word' id='word_1_64' title='bbox 1136 1151 1264 1216; x_wconf 88' lang='lat' dir='ltr'><strong>tantum</strong></span> <span class='ocrx_word' id='word_1_65' title='bbox 1297 1144 1402 1236; x_wconf 89' lang='lat' dir='ltr'><strong>spatio</strong></span> <span class='ocrx_word' id='word_1_66' title='bbox 1425 1149 1487 1216; x_wconf 90' lang='lat' dir='ltr'><strong>octo</strong></span> 
     </span>
     <span class='ocr_line' id='line_1_9' title="bbox 263 1255 1488 1351; baseline -0.005 -18"><span class='ocrx_word' id='word_1_67' title='bbox 263 1259 394 1333; x_wconf 90' lang='lat' dir='ltr'><strong>dierum</strong></span> <span class='ocrx_word' id='word_1_68' title='bbox 419 1277 480 1351; x_wconf 94' lang='lat' dir='ltr'><strong>per</strong></span> <span class='ocrx_word' id='word_1_69' title='bbox 504 1275 785 1350; x_wconf 82' lang='lat' dir='ltr'><strong>unumquemque</strong></span> <span class='ocrx_word' id='word_1_70' title='bbox 811 1257 1067 1330; x_wconf 85' lang='lat' dir='ltr'><strong>Cirristiddelem</strong></span> <span class='ocrx_word' id='word_1_71' title='bbox 1094 1256 1381 1340; x_wconf 81' lang='lat' dir='ltr'><strong>lncrdactendam,</strong></span> <span class='ocrx_word' id='word_1_72' title='bbox 1404 1255 1488 1328; x_wconf 90' lang='lat' dir='ltr'><strong>dum·</strong></span> 
     </span>
     <span class='ocr_line' id='line_1_10' title="bbox 262 1368 1487 1463; baseline -0.004 -18"><span class='ocrx_word' id='word_1_73' title='bbox 262 1372 363 1456; x_wconf 91' lang='lat' dir='ltr'><strong>modo</strong></span> <span class='ocrx_word' id='word_1_74' title='bbox 393 1389 472 1444; x_wconf 87' lang='lat' dir='ltr'><strong>vere</strong></span> <span class='ocrx_word' id='word_1_75' title='bbox 505 1371 715 1463; x_wconf 88' lang='lat' dir='ltr'><strong>poenitentes</strong></span> <span class='ocrx_word' id='word_1_76' title='bbox 740 1377 773 1442; x_wconf 88' lang='lat' dir='ltr'><strong>et</strong></span> <span class='ocrx_word' id='word_1_77' title='bbox 798 1369 943 1444; x_wconf 80' lang='lat' dir='ltr'><strong>confessi</strong></span> <span class='ocrx_word' id='word_1_78' title='bbox 967 1387 1007 1442; x_wconf 93' lang='lat' dir='ltr'><strong>ac</strong></span> <span class='ocrx_word' id='word_1_79' title='bbox 1038 1371 1073 1442; x_wconf 91' lang='lat' dir='ltr'><strong>S.</strong></span> <span class='ocrx_word' id='word_1_80' title='bbox 1100 1369 1349 1444; x_wconf 84' lang='lat' dir='ltr'><strong>communione</strong></span> <span class='ocrx_word' id='word_1_81' title='bbox 1380 1368 1487 1450; x_wconf 88' lang='lat' dir='ltr'><strong>relecti,</strong></span> 
     </span>
     <span class='ocr_line' id='line_1_11' title="bbox 262 1480 1487 1576; baseline -0.007 -18"><span class='ocrx_word' id='word_1_82' title='bbox 262 1484 408 1576; x_wconf 88' lang='lat' dir='ltr'><strong>aliquam</strong></span> <span class='ocrx_word' id='word_1_83' title='bbox 431 1481 614 1556; x_wconf 90' lang='lat' dir='ltr'><strong>Ecclesiam</strong></span> <span class='ocrx_word' id='word_1_84' title='bbox 639 1500 699 1556; x_wconf 90' lang='lat' dir='ltr'><strong>seu</strong></span> <span class='ocrx_word' id='word_1_85' title='bbox 726 1482 897 1574; x_wconf 89' lang='lat' dir='ltr'><strong>publicum</strong></span> <span class='ocrx_word' id='word_1_86' title='bbox 923 1483 1111 1554; x_wconf 86' lang='lat' dir='ltr'><strong>oratorium</strong></span> <span class='ocrx_word' id='word_1_87' title='bbox 1140 1481 1261 1554; x_wconf 80' lang='lat' dir='ltr'><strong>devote</strong></span> <span class='ocrx_word' id='word_1_88' title='bbox 1287 1480 1487 1562; x_wconf 75' lang='lat' dir='ltr'><strong>visitaverint,</strong></span> 
     </span>
     <span class='ocr_line' id='line_1_12' title="bbox 261 1593 1487 1688; baseline -0.005 -19"><span class='ocrx_word' id='word_1_89' title='bbox 261 1594 375 1686; x_wconf 82' lang='lat' dir='ltr'><strong>ibique</strong></span> <span class='ocrx_word' id='word_1_90' title='bbox 400 1613 461 1688; x_wconf 91' lang='lat' dir='ltr'><strong>per</strong></span> <span class='ocrx_word' id='word_1_91' title='bbox 486 1593 621 1685; x_wconf 87' lang='lat' dir='ltr'><strong>aliquod</strong></span> <span class='ocrx_word' id='word_1_92' title='bbox 652 1594 812 1686; x_wconf 85' lang='lat' dir='ltr'><strong>temporis</strong></span> <span class='ocrx_word' id='word_1_93' title='bbox 837 1595 981 1686; x_wconf 91' lang='lat' dir='ltr'><strong>spatium</strong></span> <span class='ocrx_word' id='word_1_94' title='bbox 1012 1597 1107 1686; x_wconf 82' lang='lat' dir='ltr'><strong>juxta</strong></span> <span class='ocrx_word' id='word_1_95' title='bbox 1140 1601 1290 1667; x_wconf 89' lang='lat' dir='ltr'><strong>mentem</strong></span> <span class='ocrx_word' id='word_1_96' title='bbox 1316 1593 1487 1666; x_wconf 84' lang='lat' dir='ltr'><strong>sanctitatis</strong></span> 
     </span>
     <span class='ocr_line' id='line_1_13' title="bbox 262 1706 1488 1800; baseline -0.005 -19"><span class='ocrx_word' id='word_1_97' title='bbox 262 1710 350 1782; x_wconf 90' lang='lat' dir='ltr'><strong>Suae</strong></span> <span class='ocrx_word' id='word_1_98' title='bbox 375 1708 430 1800; x_wconf 94' lang='lat' dir='ltr'><strong>pie</strong></span> <span class='ocrx_word' id='word_1_99' title='bbox 455 1707 622 1780; x_wconf 83' lang='lat' dir='ltr'><strong>oraverint</strong></span> <span class='ocrx_word' id='word_1_100' title='bbox 646 1713 857 1798; x_wconf 87' lang='lat' dir='ltr'><strong>peramanter</strong></span> <span class='ocrx_word' id='word_1_101' title='bbox 882 1707 1070 1799; x_wconf 89' lang='lat' dir='ltr'><strong>impertitus</strong></span> <span class='ocrx_word' id='word_1_102' title='bbox 1097 1714 1158 1780; x_wconf 89' lang='lat' dir='ltr'><strong>est.</strong></span> <span class='ocrx_word' id='word_1_103' title='bbox 1190 1706 1361 1779; x_wconf 78' lang='lat' dir='ltr'><strong>Praesenti</strong></span> <span class='ocrx_word' id='word_1_104' title='bbox 1378 1707 1410 1778; x_wconf 91' lang='lat' dir='ltr'><strong>in</strong></span> <span class='ocrx_word' id='word_1_105' title='bbox 1426 1723 1488 1796; x_wconf 85' lang='lat' dir='ltr'><strong>per·</strong></span> 
     </span>
     <span class='ocr_line' id='line_1_14' title="bbox 261 1817 1488 1914; baseline -0.004 -22"><span class='ocrx_word' id='word_1_106' title='bbox 261 1825 401 1914; x_wconf 92' lang='lat' dir='ltr'><strong>petuum</strong></span> <span class='ocrx_word' id='word_1_107' title='bbox 427 1817 567 1890; x_wconf 85' lang='lat' dir='ltr'><strong>ratitum</strong></span> <span class='ocrx_word' id='word_1_108' title='bbox 593 1818 722 1909; x_wconf 85' lang='lat' dir='ltr'><strong>absque</strong></span> <span class='ocrx_word' id='word_1_109' title='bbox 746 1819 813 1890; x_wconf 91' lang='lat' dir='ltr'><strong>ulla</strong></span> <span class='ocrx_word' id='word_1_110' title='bbox 837 1819 952 1892; x_wconf 84' lang='lat' dir='ltr'><strong>Breuis</strong></span> <span class='ocrx_word' id='word_1_111' title='bbox 985 1817 1219 1911; x_wconf 80' lang='lat' dir='ltr'><strong>expeditione3</strong></span> <span class='ocrx_word' id='word_1_112' title='bbox 1252 1818 1340 1890; x_wconf 85' lang='lat' dir='ltr'><strong>tarta</strong></span> <span class='ocrx_word' id='word_1_113' title='bbox 1368 1833 1488 1907; x_wconf 83' lang='lat' dir='ltr'><strong>qunque</strong></span> 
     </span>
     <span class='ocr_line' id='line_1_15' title="bbox 261 1927 1488 2026; baseline -0.003 -23"><span class='ocrx_word' id='word_1_114' title='bbox 261 1936 425 2026; x_wconf 88' lang='lat' dir='ltr'><strong>potestate</strong></span> <span class='ocrx_word' id='word_1_115' title='bbox 449 1930 585 2004; x_wconf 87' lang='lat' dir='ltr'><strong>easdem</strong></span> <span class='ocrx_word' id='word_1_116' title='bbox 618 1930 843 2022; x_wconf 83' lang='lat' dir='ltr'><strong>indulgentias</strong></span> <span class='ocrx_word' id='word_1_117' title='bbox 875 1932 1051 2005; x_wconf 84' lang='lat' dir='ltr'><strong>animabus</strong></span> <span class='ocrx_word' id='word_1_118' title='bbox 1076 1932 1112 2003; x_wconf 96' lang='lat' dir='ltr'><strong>in</strong></span> <span class='ocrx_word' id='word_1_119' title='bbox 1138 1931 1332 2023; x_wconf 91' lang='lat' dir='ltr'><strong>purgatorio</strong></span> <span class='ocrx_word' id='word_1_120' title='bbox 1362 1927 1488 2002; x_wconf 88' lang='lat' dir='ltr'><strong>detentis</strong></span> 
     </span>
     <span class='ocr_line' id='line_1_16' title="bbox 262 2041 1488 2136; baseline -0.005 -20"><span class='ocrx_word' id='word_1_121' title='bbox 262 2041 458 2136; x_wconf 90' lang='lat' dir='ltr'><strong>applicandi.</strong></span> <span class='ocrx_word' id='word_1_122' title='bbox 483 2044 604 2115; x_wconf 87' lang='lat' dir='ltr'><strong>Datum</strong></span> <span class='ocrx_word' id='word_1_123' title='bbox 631 2043 755 2115; x_wconf 87' lang='lat' dir='ltr'><strong>Romae</strong></span> <span class='ocrx_word' id='word_1_124' title='bbox 781 2061 825 2116; x_wconf 82' lang='lat' dir='ltr'><strong>ex</strong></span> <span class='ocrx_word' id='word_1_125' title='bbox 851 2043 1034 2116; x_wconf 82' lang='lat' dir='ltr'><strong>secretaria</strong></span> <span class='ocrx_word' id='word_1_126' title='bbox 1061 2044 1135 2116; x_wconf 90' lang='lat' dir='ltr'><strong>Sac.</strong></span> <span class='ocrx_word' id='word_1_127' title='bbox 1162 2041 1432 2134; x_wconf 80' lang='lat' dir='ltr'><strong>congregationis</strong></span> <span class='ocrx_word' id='word_1_128' title='bbox 1447 2041 1488 2110; x_wconf 91' lang='lat' dir='ltr'><strong>ln·</strong></span> 
     </span>
    </p>

    <p class='ocr_par' dir='ltr' id='par_1_2' title="bbox 262 2155 1467 2349">
     <span class='ocr_line' id='line_1_17' title="bbox 262 2155 1020 2248; baseline -0.005 -16"><span class='ocrx_word' id='word_1_129' title='bbox 262 2155 506 2248; x_wconf 90' lang='lat' dir='ltr'><strong>dulgentiarum</strong></span> <span class='ocrx_word' id='word_1_130' title='bbox 533 2155 587 2228; x_wconf 89' lang='lat' dir='ltr'><strong>die</strong></span> <span class='ocrx_word' id='word_1_131' title='bbox 615 2161 660 2226; x_wconf 77' lang='lat'><strong>29</strong></span> <span class='ocrx_word' id='word_1_132' title='bbox 687 2155 885 2230; x_wconf 85' lang='lat' dir='ltr'><strong>Novembris</strong></span> <span class='ocrx_word' id='word_1_133' title='bbox 914 2161 1020 2230; x_wconf 79' lang='lat' dir='ltr'><strong>teus.</strong></span> 
     </span>
     <span class='ocr_line' id='line_1_18' title="bbox 959 2265 1467 2349; baseline -0.006 -11"><span class='ocrx_word' id='word_1_134' title='bbox 959 2267 995 2338; x_wconf 84' lang='lat' dir='ltr'><strong>F.</strong></span> <span class='ocrx_word' id='word_1_135' title='bbox 1023 2268 1127 2340; x_wconf 79' lang='lat' dir='ltr'><strong>Canu.</strong></span> <span class='ocrx_word' id='word_1_136' title='bbox 1153 2265 1330 2349; x_wconf 80' lang='lat' dir='ltr'><strong>dsourmns</strong></span> <span class='ocrx_word' id='word_1_137' title='bbox 1359 2265 1467 2339; x_wconf 83' lang='lat' dir='ltr'><strong>Pntnr.</strong></span> 
     </span>
    </p>

    <p class='ocr_par' dir='ltr' id='par_1_3' title="bbox 1023 2379 1403 2453">
     <span class='ocr_line' id='line_1_19' title="bbox 1023 2379 1403 2453; baseline -0.005 -1"><span class='ocrx_word' id='word_1_138' title='bbox 1023 2383 1063 2452; x_wconf 80' lang='grc' dir='ltr'><strong>Α.</strong></span> <span class='ocrx_word' id='word_1_139' title='bbox 1092 2379 1252 2453; x_wconf 83' lang='lat' dir='ltr'><strong>Columbo</strong></span> <span class='ocrx_word' id='word_1_140' title='bbox 1279 2381 1403 2453; x_wconf 84' lang='lat' dir='ltr'><strong>Secret.</strong></span> 
     </span>
    </p>
   </div>
   <div class='ocr_carea' id='block_1_2' title="bbox 768 2575 989 2650">
    <p class='ocr_par' dir='ltr' id='par_1_4' title="bbox 768 2575 989 2650">
     <span class='ocr_line' id='line_1_20' title="bbox 768 2575 989 2650; baseline -0.009 -2"><span class='ocrx_word' id='word_1_141' title='bbox 768 2575 989 2650; x_wconf 82' lang='lat' dir='ltr'><strong>ucxxxtttt.</strong></span> 
     </span>
    </p>
   </div>
   <div class='ocr_carea' id='block_1_3' title="bbox 731 2722 1032 2776">
    <p class='ocr_par' dir='ltr' id='par_1_5' title="bbox 731 2722 1032 2776">
     <span class='ocr_line' id='line_1_21' title="bbox 731 2722 1032 2776; baseline -0.007 0"><span class='ocrx_word' id='word_1_142' title='bbox 731 2723 823 2776; x_wconf 75' lang='lat' dir='ltr'><strong>dunis</strong></span> <span class='ocrx_word' id='word_1_143' title='bbox 861 2723 902 2774; x_wconf 80' lang='lat' dir='ltr'><strong>ET</strong></span> <span class='ocrx_word' id='word_1_144' title='bbox 940 2722 1032 2775; x_wconf 83' lang='lat' dir='ltr'><strong>ORBlS</strong></span> 
     </span>
    </p>
   </div>
   <div class='ocr_carea' id='block_1_4' title="bbox 258 2826 1572 4272">
    <p class='ocr_par' dir='ltr' id='par_1_6' title="bbox 258 2826 1572 4272">
     <span class='ocr_line' id='line_1_22' title="bbox 334 2826 1487 2919; baseline -0.007 -19"><span class='ocrx_word' id='word_1_145' title='bbox 334 2826 388 2900; x_wconf 81' lang='lat' dir='ltr'><strong>tid</strong></span> <span class='ocrx_word' id='word_1_146' title='bbox 413 2827 614 2900; x_wconf 84' lang='lat' dir='ltr'><strong>humillimas</strong></span> <span class='ocrx_word' id='word_1_147' title='bbox 640 2845 758 2919; x_wconf 90' lang='lat' dir='ltr'><strong>preces</strong></span> <span class='ocrx_word' id='word_1_148' title='bbox 784 2830 819 2900; x_wconf 89' lang='lat' dir='ltr'><strong>P.</strong></span> <span class='ocrx_word' id='word_1_149' title='bbox 847 2828 1074 2902; x_wconf 88' lang='lat' dir='ltr'><strong>Procuratoris</strong></span> <span class='ocrx_word' id='word_1_150' title='bbox 1100 2826 1272 2900; x_wconf 85' lang='lat' dir='ltr'><strong>Generalis</strong></span> <span class='ocrx_word' id='word_1_151' title='bbox 1299 2826 1487 2900; x_wconf 86' lang='lat' dir='ltr'><strong>Clericomn</strong></span> 
     </span>
     <span class='ocr_line' id='line_1_23' title="bbox 260 2939 1487 3033; baseline -0.006 -21"><span class='ocrx_word' id='word_1_152' title='bbox 260 2940 473 3030; x_wconf 84' lang='lat' dir='ltr'><strong>Regularium</strong></span> <span class='ocrx_word' id='word_1_153' title='bbox 491 2939 534 3013; x_wconf 92' lang='lat' dir='ltr'><strong>de</strong></span> <span class='ocrx_word' id='word_1_154' title='bbox 547 2940 729 3012; x_wconf 88' lang='lat' dir='ltr'><strong>Somascha</strong></span> <span class='ocrx_word' id='word_1_155' title='bbox 745 2947 926 3033; x_wconf 86' lang='lat' dir='ltr'><strong>nuncupat.</strong></span> <span class='ocrx_word' id='word_1_156' title='bbox 944 2940 1182 3014; x_wconf 83' lang='lat' dir='ltr'><strong>sanctissimus</strong></span> <span class='ocrx_word' id='word_1_157' title='bbox 1199 2940 1364 3012; x_wconf 87' lang='lat' dir='ltr'><strong>Dominus</strong></span> <span class='ocrx_word' id='word_1_158' title='bbox 1385 2939 1487 3010; x_wconf 86' lang='lat' dir='ltr'><strong>Noster</strong></span> 
     </span>
     <span class='ocr_line' id='line_1_24' title="bbox 260 3045 1487 3143; baseline -0.007 -19"><span class='ocrx_word' id='word_1_159' title='bbox 260 3051 339 3124; x_wconf 87' lang='lat' dir='ltr'><strong>Pius</strong></span> <span class='ocrx_word' id='word_1_160' title='bbox 365 3053 426 3124; x_wconf 85' lang='lat' dir='ltr'><strong>PP.</strong></span> <span class='ocrx_word' id='word_1_161' title='bbox 453 3053 498 3124; x_wconf 87' lang='lat' dir='ltr'><strong>tx</strong></span> <span class='ocrx_word' id='word_1_162' title='bbox 524 3052 560 3124; x_wconf 93' lang='lat' dir='ltr'><strong>in</strong></span> <span class='ocrx_word' id='word_1_163' title='bbox 584 3051 761 3124; x_wconf 82' lang='lat' dir='ltr'><strong>Audienda</strong></span> <span class='ocrx_word' id='word_1_164' title='bbox 787 3051 852 3124; x_wconf 91' lang='lat' dir='ltr'><strong>diei</strong></span> <span class='ocrx_word' id='word_1_165' title='bbox 880 3058 920 3124; x_wconf 91' lang='lat' dir='ltr'><strong>ll</strong></span> <span class='ocrx_word' id='word_1_166' title='bbox 952 3052 1093 3143; x_wconf 81' lang='lat' dir='ltr'><strong>Augusti</strong></span> <span class='ocrx_word' id='word_1_167' title='bbox 1122 3056 1212 3124; x_wconf 81' lang='lat' dir='ltr'><strong>l85t</strong></span> <span class='ocrx_word' id='word_1_168' title='bbox 1241 3051 1390 3142; x_wconf 87' lang='lat' dir='ltr'><strong>benigne</strong></span> <span class='ocrx_word' id='word_1_169' title='bbox 1411 3045 1487 3121; x_wconf 91' lang='lat' dir='ltr'><strong>incli-</strong></span> 
     </span>
     <span class='ocr_line' id='line_1_25' title="bbox 259 3162 1484 3257; baseline -0.008 -19"><span class='ocrx_word' id='word_1_170' title='bbox 259 3172 358 3240; x_wconf 89' lang='lat' dir='ltr'><strong>natus</strong></span> <span class='ocrx_word' id='word_1_171' title='bbox 383 3165 540 3240; x_wconf 83' lang='lat' dir='ltr'><strong>omuibus</strong></span> <span class='ocrx_word' id='word_1_172' title='bbox 556 3166 732 3257; x_wconf 89' lang='lat' dir='ltr'><strong>utriusque</strong></span> <span class='ocrx_word' id='word_1_173' title='bbox 748 3183 853 3238; x_wconf 82' lang='lat' dir='ltr'><strong>sexus</strong></span> <span class='ocrx_word' id='word_1_174' title='bbox 872 3163 1150 3238; x_wconf 83' lang='lat' dir='ltr'><strong>christifidelibus</strong></span> <span class='ocrx_word' id='word_1_175' title='bbox 1167 3162 1268 3235; x_wconf 90' lang='lat' dir='ltr'><strong>corde</strong></span> <span class='ocrx_word' id='word_1_176' title='bbox 1286 3164 1403 3236; x_wconf 87' lang='lat' dir='ltr'><strong>saltem</strong></span> <span class='ocrx_word' id='word_1_177' title='bbox 1419 3179 1484 3232; x_wconf 85' lang='lat' dir='ltr'><strong>eorr-</strong></span> 
     </span>
     <span class='ocr_line' id='line_1_26' title="bbox 259 3277 1485 3369; baseline -0.009 -18"><span class='ocrx_word' id='word_1_178' title='bbox 259 3277 335 3352; x_wconf 89' lang='lat' dir='ltr'><strong>trito</strong></span> <span class='ocrx_word' id='word_1_179' title='bbox 361 3285 559 3369; x_wconf 87' lang='lat' dir='ltr'><strong>sequentem</strong></span> <span class='ocrx_word' id='word_1_180' title='bbox 584 3278 815 3350; x_wconf 84' lang='lat' dir='ltr'><strong>iaculatoriam</strong></span> <span class='ocrx_word' id='word_1_181' title='bbox 842 3279 889 3350; x_wconf 92' lang='lat' dir='ltr'><strong>uti</strong></span> <span class='ocrx_word' id='word_1_182' title='bbox 916 3278 1074 3350; x_wconf 91' lang='lat' dir='ltr'><strong>asseritur</strong></span> <span class='ocrx_word' id='word_1_183' title='bbox 1099 3295 1118 3347; x_wconf 93' lang='lat' dir='ltr'><strong>a</strong></span> <span class='ocrx_word' id='word_1_184' title='bbox 1144 3277 1265 3348; x_wconf 88' lang='lat' dir='ltr'><strong>Sancto</strong></span> <span class='ocrx_word' id='word_1_185' title='bbox 1298 3277 1485 3364; x_wconf 75' lang='lat' dir='ltr'><strong>Hieronymo</strong></span> 
     </span>
     <span class='ocr_line' id='line_1_27' title="bbox 260 3384 1483 3481; baseline -0.008 -17"><span class='ocrx_word' id='word_1_186' title='bbox 260 3391 426 3464; x_wconf 82' lang='lat' dir='ltr'><strong>AEmiliani</strong></span> <span class='ocrx_word' id='word_1_187' title='bbox 462 3390 657 3464; x_wconf 90' lang='lat' dir='ltr'><strong>eorumdem</strong></span> <span class='ocrx_word' id='word_1_188' title='bbox 687 3390 891 3464; x_wconf 83' lang='lat' dir='ltr'><strong>clericorum</strong></span> <span class='ocrx_word' id='word_1_189' title='bbox 925 3389 1138 3481; x_wconf 86' lang='lat' dir='ltr'><strong>Regularium</strong></span> <span class='ocrx_word' id='word_1_190' title='bbox 1169 3387 1360 3462; x_wconf 81' lang='lat' dir='ltr'><strong>Fundatura</strong></span> <span class='ocrx_word' id='word_1_191' title='bbox 1384 3384 1483 3458; x_wconf 88' lang='lat' dir='ltr'><strong>recita-</strong></span> 
     </span>
     <span class='ocr_line' id='line_1_28' title="bbox 258 3501 1482 3592; baseline -0.006 -16"><span class='ocrx_word' id='word_1_192' title='bbox 258 3509 327 3576; x_wconf 88' lang='lat' dir='ltr'><strong>tam</strong></span> <span class='ocrx_word' id='word_1_193' title='bbox 352 3504 578 3578; x_wconf 81' lang='lat' dir='ltr'><strong>‹uutctsstmr</strong></span> <span class='ocrx_word' id='word_1_194' title='bbox 593 3505 671 3576; x_wconf 81' lang='lat' dir='ltr'><strong>lesu</strong></span> <span class='ocrx_word' id='word_1_195' title='bbox 689 3521 729 3576; x_wconf 89' lang='lat' dir='ltr'><strong>oe</strong></span> <span class='ocrx_word' id='word_1_196' title='bbox 746 3505 791 3577; x_wconf 85' lang='lat' dir='ltr'><strong>sis</strong></span> <span class='ocrx_word' id='word_1_197' title='bbox 806 3503 892 3576; x_wconf 86' lang='lat' dir='ltr'><strong>milti</strong></span> <span class='ocrx_word' id='word_1_198' title='bbox 916 3501 1029 3576; x_wconf 80' lang='lat' dir='ltr'><strong>chcc</strong></span> <span class='ocrx_word' id='word_1_199' title='bbox 1044 3501 1104 3574; x_wconf 86' lang='lat' dir='ltr'><strong>sed</strong></span> <span class='ocrx_word' id='word_1_200' title='bbox 1122 3503 1311 3574; x_wconf 81' lang='lat' dir='ltr'><strong>Salvator·</strong></span> <span class='ocrx_word' id='word_1_201' title='bbox 1338 3513 1482 3592; x_wconf 83' lang='lat' dir='ltr'><strong>quocum·</strong></span> 
     </span>
     <span class='ocr_line' id='line_1_29' title="bbox 260 3609 1483 3708; baseline -0.009 -19"><span class='ocrx_word' id='word_1_202' title='bbox 260 3634 328 3708; x_wconf 83' lang='lat' dir='ltr'><strong>que</strong></span> <span class='ocrx_word' id='word_1_203' title='bbox 351 3615 519 3702; x_wconf 89' lang='lat' dir='ltr'><strong>idiomate,</strong></span> <span class='ocrx_word' id='word_1_204' title='bbox 546 3615 730 3688; x_wconf 91' lang='lat' dir='ltr'><strong>dummodo</strong></span> <span class='ocrx_word' id='word_1_205' title='bbox 746 3616 856 3688; x_wconf 83' lang='lat' dir='ltr'><strong>versio</strong></span> <span class='ocrx_word' id='word_1_206' title='bbox 874 3617 917 3688; x_wconf 92' lang='lat' dir='ltr'><strong>sit</strong></span> <span class='ocrx_word' id='word_1_207' title='bbox 931 3614 1041 3688; x_wconf 86' lang='lat' dir='ltr'><strong>tidelis</strong></span> <span class='ocrx_word' id='word_1_208' title='bbox 1058 3613 1179 3687; x_wconf 84' lang='lat' dir='ltr'><strong>devote</strong></span> <span class='ocrx_word' id='word_1_209' title='bbox 1203 3613 1428 3696; x_wconf 87' lang='lat' dir='ltr'><strong>recitantibus,</strong></span> <span class='ocrx_word' id='word_1_210' title='bbox 1442 3609 1483 3680; x_wconf 93' lang='lat' dir='ltr'><strong>ln·</strong></span> 
     </span>
     <span class='ocr_line' id='line_1_30' title="bbox 259 3722 1572 3822; baseline -0.009 -22"><span class='ocrx_word' id='word_1_211' title='bbox 259 3727 463 3822; x_wconf 89' lang='lat' dir='ltr'><strong>dulgentiam</strong></span> <span class='ocrx_word' id='word_1_212' title='bbox 489 3729 729 3821; x_wconf 86' lang='lat' dir='ltr'><strong>quinquaginta</strong></span> <span class='ocrx_word' id='word_1_213' title='bbox 755 3728 886 3802; x_wconf 91' lang='lat' dir='ltr'><strong>dierum</strong></span> <span class='ocrx_word' id='word_1_214' title='bbox 911 3744 972 3820; x_wconf 93' lang='lat' dir='ltr'><strong>pro</strong></span> <span class='ocrx_word' id='word_1_215' title='bbox 997 3727 1145 3819; x_wconf 84' lang='lat' dir='ltr'><strong>qualibet</strong></span> <span class='ocrx_word' id='word_1_216' title='bbox 1163 3728 1267 3818; x_wconf 84' lang='lat' dir='ltr'><strong>ipsius</strong></span> <span class='ocrx_word' id='word_1_217' title='bbox 1284 3722 1483 3800; x_wconf 84' lang='lat' dir='ltr'><strong>iaculatoriae</strong></span> <span class='ocrx_word' id='word_1_218' title='bbox 1571 3761 1572 3806; x_wconf 58' lang='lat'>;</span> 
     </span>
     <span class='ocr_line' id='line_1_31' title="bbox 258 3832 1572 3934; baseline -0.01 -20"><span class='ocrx_word' id='word_1_219' title='bbox 258 3842 452 3916; x_wconf 88' lang='lat' dir='ltr'><strong>recitatione</strong></span> <span class='ocrx_word' id='word_1_220' title='bbox 477 3848 688 3934; x_wconf 86' lang='lat' dir='ltr'><strong>peramanter</strong></span> <span class='ocrx_word' id='word_1_221' title='bbox 713 3841 821 3914; x_wconf 86' lang='lat' dir='ltr'><strong>iuerat</strong></span> <span class='ocrx_word' id='word_1_222' title='bbox 844 3842 1043 3934; x_wconf 89' lang='lat' dir='ltr'><strong>impertitus,</strong></span> <span class='ocrx_word' id='word_1_223' title='bbox 1070 3841 1166 3912; x_wconf 89' lang='lat' dir='ltr'><strong>novis</strong></span> <span class='ocrx_word' id='word_1_224' title='bbox 1191 3837 1328 3910; x_wconf 91' lang='lat' dir='ltr'><strong>tandem</strong></span> <span class='ocrx_word' id='word_1_225' title='bbox 1348 3832 1482 3930; x_wconf 83' lang='lat' dir='ltr'><strong>precibus</strong></span> <span class='ocrx_word' id='word_1_226' title='bbox 1571 3843 1572 3856; x_wconf 53' lang='lat'>¹</span> 
     </span>
     <span class='ocr_line' id='line_1_32' title="bbox 260 3941 1572 4028; baseline -0.013 -2"><span class='ocrx_word' id='word_1_227' title='bbox 260 3954 302 4026; x_wconf 87' lang='lat' dir='ltr'><strong>ab</strong></span> <span class='ocrx_word' id='word_1_228' title='bbox 330 3953 449 4027; x_wconf 89' lang='lat' dir='ltr'><strong>eodem</strong></span> <span class='ocrx_word' id='word_1_229' title='bbox 475 3954 693 4028; x_wconf 88' lang='lat' dir='ltr'><strong>Procuratore</strong></span> <span class='ocrx_word' id='word_1_230' title='bbox 718 3953 870 4027; x_wconf 88' lang='lat' dir='ltr'><strong>Generali</strong></span> <span class='ocrx_word' id='word_1_231' title='bbox 896 3952 1113 4025; x_wconf 84' lang='lat' dir='ltr'><strong>sanctissimo</strong></span> <span class='ocrx_word' id='word_1_232' title='bbox 1139 3949 1255 4024; x_wconf 91' lang='lat' dir='ltr'><strong>delatis</strong></span> <span class='ocrx_word' id='word_1_233' title='bbox 1272 3949 1308 4022; x_wconf 93' lang='lat' dir='ltr'><strong>in</strong></span> <span class='ocrx_word' id='word_1_234' title='bbox 1326 3941 1482 4023; x_wconf 85' lang='lat' dir='ltr'><strong>Audieutia</strong></span> <span class='ocrx_word' id='word_1_235' title='bbox 1571 3987 1572 4004; x_wconf 69' lang='lat'><strong>,</strong></span> 
     </span>
     <span class='ocr_line' id='line_1_33' title="bbox 260 4051 1572 4158; baseline -0.01 -20"><span class='ocrx_word' id='word_1_236' title='bbox 260 4062 315 4138; x_wconf 88' lang='lat' dir='ltr'><strong>die</strong></span> <span class='ocrx_word' id='word_1_237' title='bbox 341 4070 386 4138; x_wconf 78' lang='lat'><strong>29</strong></span> <span class='ocrx_word' id='word_1_238' title='bbox 413 4067 610 4142; x_wconf 82' lang='lat' dir='ltr'><strong>Nouembris</strong></span> <span class='ocrx_word' id='word_1_239' title='bbox 635 4066 777 4158; x_wconf 77' lang='lat' dir='ltr'><strong>labentis</strong></span> <span class='ocrx_word' id='word_1_240' title='bbox 802 4067 880 4138; x_wconf 90' lang='lat' dir='ltr'><strong>anni</strong></span> <span class='ocrx_word' id='word_1_241' title='bbox 897 4064 1023 4139; x_wconf 86' lang='lat' dir='ltr'><strong>Eadem</strong></span> <span class='ocrx_word' id='word_1_242' title='bbox 1041 4063 1206 4136; x_wconf 90' lang='lat' dir='ltr'><strong>Sanctitas</strong></span> <span class='ocrx_word' id='word_1_243' title='bbox 1231 4063 1299 4134; x_wconf 89' lang='lat' dir='ltr'><strong>Sua</strong></span> <span class='ocrx_word' id='word_1_244' title='bbox 1321 4062 1482 4134; x_wconf 88' lang='lat' dir='ltr'><strong>elementer</strong></span> <span class='ocrx_word' id='word_1_245' title='bbox 1571 4051 1572 4142; x_wconf 81' lang='lat' dir='ltr'>J</span> 
     </span>
     <span class='ocr_line' id='line_1_34' title="bbox 261 4159 1572 4272; baseline -0.008 -26"><span class='ocrx_word' id='word_1_246' title='bbox 261 4174 407 4262; x_wconf 87' lang='lat' dir='ltr'><strong>indulsit,</strong></span> <span class='ocrx_word' id='word_1_247' title='bbox 425 4183 462 4252; x_wconf 91' lang='lat' dir='ltr'><strong>ut</strong></span> <span class='ocrx_word' id='word_1_248' title='bbox 475 4179 539 4272; x_wconf 89' lang='lat' dir='ltr'><strong>ipsi</strong></span> <span class='ocrx_word' id='word_1_249' title='bbox 552 4178 791 4252; x_wconf 82' lang='lat' dir='ltr'><strong>christifideles</strong></span> <span class='ocrx_word' id='word_1_250' title='bbox 808 4178 989 4272; x_wconf 87' lang='lat' dir='ltr'><strong>praelatam</strong></span> <span class='ocrx_word' id='word_1_251' title='bbox 1006 4175 1237 4252; x_wconf 84' lang='lat' dir='ltr'><strong>iaculatoriam</strong></span> <span class='ocrx_word' id='word_1_252' title='bbox 1254 4191 1317 4266; x_wconf 92' lang='lat' dir='ltr'><strong>per</strong></span> <span class='ocrx_word' id='word_1_253' title='bbox 1335 4174 1480 4262; x_wconf 88' lang='lat' dir='ltr'><strong>integrum</strong></span> <span class='ocrx_word' id='word_1_254' title='bbox 1571 4159 1572 4192; x_wconf 74' lang='lat'><em>³</em></span> 
     </span>
    </p>
   </div>
   <div class='ocr_carea' id='block_1_5' title="bbox 262 4280 1480 4402">
    <p class='ocr_par' dir='ltr' id='par_1_7' title="bbox 262 4280 1480 4402">
     <span class='ocr_line' id='line_1_35' title="bbox 262 4280 1480 4402; baseline -0.011 -39"><span class='ocrx_word' id='word_1_255' title='bbox 262 4306 388 4366; x_wconf 90' lang='lat' dir='ltr'><strong>annum</strong></span> <span class='ocrx_word' id='word_1_256' title='bbox 413 4309 480 4364; x_wconf 91' lang='lat' dir='ltr'><strong>una</strong></span> <span class='ocrx_word' id='word_1_257' title='bbox 506 4291 623 4391; x_wconf 86' lang='lat' dir='ltr'><strong>saltem</strong></span> <span class='ocrx_word' id='word_1_258' title='bbox 649 4291 722 4364; x_wconf 85' lang='lat' dir='ltr'><strong>rice</strong></span> <span class='ocrx_word' id='word_1_259' title='bbox 747 4291 888 4402; x_wconf 82' lang='lat' dir='ltr'><strong>singulis</strong></span> <span class='ocrx_word' id='word_1_260' title='bbox 914 4290 1034 4366; x_wconf 90' lang='lat' dir='ltr'><strong>diebus</strong></span> <span class='ocrx_word' id='word_1_261' title='bbox 1051 4295 1088 4364; x_wconf 94' lang='lat' dir='ltr'><strong>ut</strong></span> <span class='ocrx_word' id='word_1_262' title='bbox 1105 4307 1207 4382; x_wconf 91' lang='lat' dir='ltr'><strong>supra</strong></span> <span class='ocrx_word' id='word_1_263' title='bbox 1232 4286 1415 4365; x_wconf 80' lang='lat' dir='ltr'><strong>recitantes,</strong></span> <span class='ocrx_word' id='word_1_264' title='bbox 1437 4280 1480 4350; x_wconf 91' lang='lat' dir='ltr'><strong>tn·</strong></span> 
     </span>
    </p>
   </div>
   <div class='ocr_carea' id='block_1_6' title="bbox 0 0 1596 4922">
    <p class='ocr_par' dir='ltr' id='par_1_8' title="bbox 0 0 1596 4922">
     <span class='ocr_line' id='line_1_36' title="bbox 0 0 1596 4922; baseline 0 2"><span class='ocrx_word' id='word_1_265' title='bbox 0 0 1596 4922; x_wconf 95' lang='lat' dir='ltr'><strong> </strong></span> 
     </span>
    </p>
   </div>
  </div>
 </body>
</html>
