3130 4920
793 351 1009 416 -uot-

288 477 443 574 demptor
466 481 604 556 Mundi:
630 484 681 556 rel
707 484 877 576 privatim,
903 486 955 558 vol
981 485 1183 578 conjunctim
1207 485 1273 558 sub
1296 485 1427 579 proprio
1444 489 1495 561 Pa-

289 593 402 678 rocbo,
420 594 476 667 rei
490 596 624 668 alterius
641 597 838 682 Sacerdotis
857 604 914 670 eut
929 598 1069 672 Ministri
1084 597 1276 682 directione,
1302 599 1496 690 antecebat,

287 712 322 779 et
347 705 458 779 dovoti
483 707 622 800 alicujus
647 709 746 782 libelli
771 709 836 782 boo
860 717 1094 802 argumentum
1118 710 1288 784 tractantis
1303 711 1456 796 subsidio,
1470 721 1499 788 et

287 819 510 905 Psalmorum,
544 823 751 913 Hymoorum
778 824 985 915 aliarumque
1017 823 1180 897 vocalium
1212 841 1351 916 precum
1378 825 1497 918 supple·

286 939 411 1015 menio,
438 933 472 1005 io
497 933 663 1016 Ecclesiis
682 943 715 1008 et
731 935 890 1008 Oratoriis
905 936 1084 1010 liurelibus
1100 943 1135 1010 et
1150 937 1325 1022 Locorum,
1345 936 1398 1010 rel
1412 937 1497 1010 etiam

287 1043 475 1128 divicolum,
500 1046 560 1119 ubi
576 1065 642 1120 noo
661 1049 847 1122 celebretur
863 1067 905 1122 eo
922 1055 1074 1141 tempore
1090 1049 1184 1142 pium
1199 1048 1290 1122 idem
1308 1049 1497 1134 exercitium,

286 1155 338 1229 rol
362 1157 407 1229 ob
432 1173 631 1232 concursum
657 1159 781 1254 populi,
808 1161 860 1234 rel
886 1161 948 1233 loci
973 1162 1161 1252 angustiam
1185 1158 1296 1234 aditus
1318 1160 1438 1234 ibidem
1452 1161 1498 1234 ali·

285 1266 340 1340 cui
363 1267 447 1340 lorte
471 1287 540 1342 noo
565 1276 692 1362 pateam
717 1289 761 1344 ne
777 1278 915 1365 proptor
933 1272 1017 1344 baec
1033 1271 1214 1364 quisquam
1230 1269 1382 1346 fidolium
1398 1273 1499 1346 rolens

285 1384 320 1451 el
343 1381 494 1472 cupiens,
521 1388 611 1456 tanto
636 1382 816 1474 Religionis
841 1391 974 1458 nostrae
998 1384 1089 1458 buuo
1114 1383 1295 1469 fraudetur,
1322 1383 1410 1458 idom
1431 1385 1499 1457 San·

285 1490 453 1564 ctissimos
479 1494 575 1566 Pater
600 1494 677 1568 Pius
703 1496 764 1568 PP.
791 1495 849 1569 llll
874 1496 1036 1588 indulget,
1062 1501 1096 1570 et
1120 1495 1267 1588 largitor,
1293 1502 1333 1568 ut
1356 1495 1398 1570 de
1416 1496 1498 1590 spiri·

284 1601 363 1676 tuali
387 1603 555 1678 Ecclesiae
582 1605 737 1680 thesauro
762 1608 950 1680 Plenarr'am
983 1609 1135 1681 omnium
1166 1615 1381 1700 peccatorum
1403 1607 1499 1681 lodul-

285 1715 429 1805 geotiam
455 1717 604 1810 piissimo
629 1719 707 1792 buic
731 1720 891 1793 exercitio
915 1718 1050 1812 publice
1075 1725 1110 1793 et
1134 1719 1329 1794 solemniter
1353 1721 1499 1795 celebrato

286 1824 328 1898 ab
353 1826 540 1919 Apostolos
566 1831 599 1903 S.
626 1827 714 1906 Sede
736 1832 805 1923 jam
830 1831 872 1904 ab
897 1850 985 1905 anno
1014 1836 1107 1904 1789
1134 1849 1331 1905 concessam
1356 1839 1389 1906 et
1411 1830 1500 1906 tideli

285 1937 351 2012 bus
376 1940 475 2030 etiam
501 1941 666 2016 defunctis
691 1943 938 2036 applicabilem
964 1942 1147 2017 dummodo
1178 1963 1257 2018 vere
1288 1943 1498 2038 poenitentes,

285 2050 429 2125 confessi
455 2072 493 2126 ac
518 2055 552 2127 S.
580 2055 824 2129 communione
848 2056 962 2130 relecti
986 2056 1110 2130 luerim
1134 2057 1169 2129 in
1197 2056 1293 2130 lieria
1309 2058 1390 2130 Vin
1405 2057 1499 2131 coena

285 2163 416 2237 Domini
442 2166 495 2240 rel
519 2167 604 2241 inira
628 2166 874 2241 hebdomadam
900 2168 1106 2253 Pascbalem,
1132 2174 1166 2241 et
1189 2187 1250 2262 per
1275 2169 1410 2262 aliquod
1430 2175 1498 2242 tem·

284 2275 377 2368 poris
402 2279 546 2371 spatium
572 2280 627 2373 pie
652 2281 819 2354 oraverint
841 2282 937 2373 juxta
958 2287 1105 2355 mentem
1122 2281 1312 2355 sanctitatis
1336 2282 1432 2366 Suae,
1454 2297 1499 2352 eo·

287 2387 364 2462 dem
391 2391 492 2464 modu
516 2393 662 2484 quisque
685 2394 806 2468 lucrari
831 2395 939 2488 possit
963 2400 997 2468 et
1022 2394 1129 2467 valeat
1152 2409 1191 2467 ao
1214 2394 1244 2466 si
1260 2391 1498 2469 solemnioribus

286 2501 404 2576 iisdem
429 2506 654 2580 lurcuonibus
678 2509 736 2580 ubi
761 2508 1014 2600 frequentantur
1038 2525 1199 2600 praesens
1225 2514 1328 2582 esset.

360 2615 494 2690 blandai
518 2618 666 2712 insuper,
693 2626 726 2693 et
752 2620 908 2713 elargitur
932 2619 1022 2694 idem
1048 2619 1286 2694 sanctissimus
1309 2620 1413 2706 Pater,
1428 2615 1499 2693 utin

287 2727 426 2819 singulis
451 2729 530 2801 anni
554 2731 659 2804 sextis
684 2731 797 2816 Feriis,
824 2732 968 2824 quisque
992 2730 1141 2807 fidelium
1158 2731 1216 2822 qul
1241 2731 1393 2824 ejusdem
1409 2727 1499 2802 bivini

287 2839 413 2930 Agonis
438 2838 539 2932 digne
564 2861 704 2929 memor,
731 2851 832 2936 atque
857 2843 997 2917 devotus
1022 2861 1083 2936 per
1108 2842 1244 2936 aliquod
1268 2844 1426 2938 temporis
1440 2859 1501 2933 spa

286 2948 371 3022 tium
396 2951 516 3024 eodem
541 2953 642 3028 modo
668 2975 735 3048 quo
761 2974 864 3048 supra
889 2954 1014 3028 dictum
1040 2961 1092 3028 est
1115 2956 1171 3048 pie
1196 2955 1359 3047 oraverit3
1380 2951 1500 3045 singnis

287 3061 416 3138 vicibus
441 3065 684 3158 indulgentiam
709 3069 898 3144 biscentum
924 3067 1054 3141 dierum
1079 3068 1202 3161 perito
1226 3067 1350 3141 lucrari
1365 3066 1500 3161 possiet

286 3174 393 3248 valeat
417 3175 571 3251 addendo
597 3179 707 3263 etiam,
733 3179 826 3273 quod
851 3197 912 3273 pro
938 3179 1095 3254 omnibus
1112 3185 1145 3254 et
1161 3179 1303 3272 singulis
1329 3180 1407 3252 anui
1425 3193 1500 3249 men

286 3287 392 3373 sibus,
418 3307 536 3363 omnes
562 3292 620 3383 qui
645 3292 810 3366 continuis
835 3291 1112 3386 praecedentibus
1132 3292 1236 3366 Feriis
1260 3293 1368 3365 sextis
1383 3287 1499 3366 modu

286 3399 396 3472 verint
419 3408 453 3474 et
468 3403 645 3488 oraverint,
662 3405 697 3476 in
714 3405 812 3478 Ferie
824 3404 939 3478 ultima
956 3404 1134 3497 cujuslibet
1148 3403 1276 3478 mensis
1293 3401 1498 3495 sextuplum

287 3509 376 3584 idem
402 3512 503 3585 trium
528 3513 687 3588 horarum
713 3516 907 3590 exercitium
925 3517 1078 3609 privatim
1101 3516 1225 3609 pembr
1244 3516 1299 3589 vel
1316 3509 1498 3609 conjunctim

286 3631 401 3698 sancte
426 3643 464 3697 ac
488 3625 544 3718 pie
568 3631 818 3720 renovaverint;
844 3629 962 3702 eodem
987 3629 1020 3702 in
1047 3629 1152 3702 torma
1176 3627 1327 3702 similiter
1351 3623 1498 3702 Ecclesiae

286 3743 462 3822 consueta,
497 3736 679 3814 dummodo
705 3759 783 3814 vere
815 3741 1042 3834 poenitentes,
1070 3740 1213 3814 comessi
1238 3757 1277 3814 ac
1301 3741 1336 3813 S.
1363 3739 1497 3813 Commu

285 3847 387 3922 niune
411 3849 525 3924 reiecti
549 3851 682 3937 luerint,
708 3858 740 3926 et
765 3858 803 3926 ut
825 3871 927 3946 supra
944 3854 1120 3938 oraverint,
1139 3851 1324 3926 Pleoariam
1342 3849 1497 3939 louolgeu

286 3959 377 4044 tiam,
404 3979 491 4053 quae
514 3981 577 4055 pro
602 3964 744 4038 solemni
769 3965 864 4038 Feria
888 3964 932 4038 vl
953 3966 1085 4058 blojoris
1100 3962 1340 4038 Hebdomadae
1357 3973 1496 4037 mucosa

286 4076 356 4156 ost,
387 4073 507 4148 eodem
539 4075 641 4149 modo
672 4077 777 4152 semel
810 4078 844 4151 in
870 4093 987 4150 menso
1016 4083 1250 4169 consequatur.
1282 4071 1497 4150 Praesentibus

285 4185 422 4278 proprio
446 4187 633 4262 Sanctimb
658 4191 746 4264 Suae
770 4191 862 4266 blotu
889 4197 922 4264 et
942 4190 986 4264 ad
1002 4190 1147 4284 plurium
1165 4188 1373 4266 sanctissimi
1389 4179 1496 4276 Agonb

286 4294 483 4374 derotomm
506 4317 625 4395 preces
650 4303 829 4388 concessis,
855 4309 889 4378 ot
912 4303 1069 4397 elargitis,
1095 4303 1225 4396 absqoa
1240 4302 1307 4377 ulla
1322 4293 1434 4375 Brevis
1448 4309 1494 4368 er·
