3120 4924
807 325 1022 394 -220-

302 462 447 556 benigne
466 462 637 538 mnoessit
661 468 762 554 atque
786 463 924 538 indulsit
949 471 987 537 nt
1012 461 1266 536 sacrosanctum
1290 463 1409 538 Missae
1424 463 1516 538 Sacri-

302 577 416 653 iloium
441 575 533 669 quod
557 595 578 649 u
602 593 817 669 quocumque
842 575 1020 650 Sacerdote
1045 575 1212 650 saeculari
1236 575 1290 650 vel
1306 577 1456 669 Regelari
1470 595 1516 650 cu·

299 689 407 781 iusvis
432 685 577 772 Ordinis,
603 686 875 780 congregationis
900 693 934 760 et
957 687 1100 760 instituti
1125 706 1187 781 pro
1213 689 1323 760 anina
1346 689 1517 780 cojuscun-

302 819 370 893 quo
395 800 626 874 Christiiidelis
651 819 738 893 quaa
763 802 832 874 lieo
858 801 893 872 in
918 800 1076 873 charitate
1105 801 1279 892 conjuncta
1305 800 1347 874 ab
1372 801 1433 873 bac
1456 802 1517 872 loce

302 914 493 1007 migraverit
517 913 560 986 ad
585 914 782 1007 praelatum
799 914 910 986 ditare
928 912 1145 1006 'designatum
1171 912 1405 998 celebrabitur,
1430 913 1517 985 Privi-

301 1026 389 1118 legio
413 1025 566 1118 gaudeat.
591 1027 664 1102 Nun
690 1025 843 1099 obstante
868 1025 902 1098 in
933 1027 1135 1099 contrarium
1168 1025 1365 1100 iacientibus
1397 1025 1517 1117 quibos·

303 1157 459 1230 cumque.
486 1140 656 1213 Praesenti
680 1139 715 1212 in
745 1146 945 1232 perpetuum
978 1139 1128 1212 valituro.
1159 1139 1340 1230 voluitque
1372 1137 1517 1210 Sanctitas

303 1252 370 1324 Sua
401 1251 488 1324 hano
520 1252 658 1342 gratiam
691 1251 864 1343 suffragari
897 1251 1025 1342 absque
1058 1251 1123 1322 nlla
1154 1250 1268 1323 Brevis
1299 1248 1515 1342 expeditione3

303 1361 524 1455 eiusdemque
549 1363 679 1438 becreti
704 1363 932 1457 transumptis
959 1381 1020 1436 seu
1047 1362 1209 1455 exemplis
1226 1361 1327 1435 etiam
1343 1360 1515 1453 impressis,

303 1492 405 1549 manu
431 1481 464 1548 et
488 1475 595 1566 sigillo
621 1473 780 1566 praedicti
807 1479 840 1546 et
866 1492 927 1566 pro
951 1481 1103 1566 ternpore
1124 1472 1300 1548 existentis
1317 1472 1450 1546 Abbatis
1465 1471 1516 1542 Ge·

302 1587 424 1660 neralis
449 1586 583 1660 Ordinis
609 1587 746 1680 praeisti
772 1586 921 1672 munitis,
947 1588 1125 1681 ipsammet
1149 1604 1289 1680 prorsus
1315 1585 1416 1658 lidern
1440 1582 1516 1656 adbi-

302 1699 375 1774 beri
401 1717 488 1791 qnae
513 1697 727 1773 adhiberetur
753 1699 782 1771 si
798 1715 960 1791 praesens
976 1701 1061 1775 foret
1078 1698 1265 1773 exhibitum
1282 1699 1336 1773 vel
1354 1704 1516 1772 ostensum.

376 1812 498 1886 batum
522 1812 648 1886 Romae
673 1829 717 1884 err
743 1813 927 1886 secretaria
953 1813 1027 1889 Sao.
1052 1812 1327 1906 congregationis
1352 1809 1516 1901 indulgent.

303 1922 358 2007 tic
384 1928 430 1997 29
456 1924 579 2018 Aprilis
605 1927 712 1999 litu.

851 2037 890 2112 N.
908 2036 1023 2112 -Cnnn
1050 2036 1267 2114 monicus
1294 1987 1414 2112 Pnlnr.
1472 2051 1473 2056 ‘

973 2152 1008 2224 S.
1034 2152 1167 2244 Borgio
1193 2151 1318 2225 Secret.
1365 2219 1368 2228 ,

803 2345 1034 2421 cclxxxvi.

429 2491 556 2546 onntttts
587 2492 637 2547 FF.
663 2491 953 2547 ntscttcnenontttt
979 2493 1208 2548 snbcutssntmt
1234 2491 1414 2548 ruminetis

688 2606 923 2660 nnunnnrtulits
949 2606 1156 2662 cnnvtvuntnt

368 2711 465 2783 diurn
492 2711 578 2786 sicut
601 2711 785 2784 humillime
811 2712 1042 2806 exponebatur
1062 2715 1151 2787 alr.
1177 2712 1338 2788 Michaelo
1355 2733 1374 2787 a
1389 2711 1421 2784 S.
1438 2709 1516 2782 Fran·

308 2821 397 2894 oisco
424 2820 466 2894 de
492 2822 594 2898 Peula
618 2823 835 2898 Procuratore
860 2824 1014 2900 Generali
1031 2825 1165 2900 Ordinis
1183 2827 1417 2900 Sanctissimae
1436 2816 1517 2894 irini·

309 2934 385 3006 tatis
411 2933 662 3028 Redemptionis
688 2936 902 3030 Captivorum
929 2938 1203 3032 Congregationis
1214 2939 1399 3034 ,Hispaniae
1411 2937 1517 3008 Fratres

309 3045 461 3139 ejusdem
491 3046 625 3121 Ordinis
658 3050 875 3124 consuevisse
908 3051 1039 3144 elargiri
1070 3050 1326 3125 Absolutionem
1355 3044 1517 3145 generalem

306 3161 376 3253 jam
402 3160 618 3253 approbatam
644 3161 686 3236 ab
703 3162 900 3256 ,Apostolics
926 3163 1015 3237 Sede
1039 3164 1074 3236 in
1099 3170 1230 3257 septem
1254 3182 1317 3259 per
1334 3179 1452 3237 annum
1466 3155 1517 3228 de

308 3271 385 3358 bus,
410 3273 571 3348 nimirum
595 3273 631 3346 in
655 3275 741 3348 testo
767 3275 1003 3349 Sanctissimae
1028 3273 1214 3362 Trinitatis,
1249 3277 1284 3348 in
1317 3277 1396 3352 teria
1422 3272 1516 3365 mutii

310 3385 485 3470 cinerum,
511 3386 545 3459 in
570 3385 650 3460 ieria
676 3387 793 3478 quinta
818 3388 852 3462 in
877 3389 990 3462 Coena
1015 3389 1165 3474 bomini,
1191 3390 1226 3462 in
1251 3388 1337 3464 festo
1367 3391 1399 3462 S.
1424 3381 1517 3458 Calht

309 3496 403 3572 rinae
427 3497 469 3571 V.
495 3505 528 3571 et
552 3499 614 3583 ll,
640 3497 675 3572 S.
704 3499 842 3590 Agnetis
868 3499 1034 3585 Secundo,
1052 3509 1085 3576 et
1102 3502 1137 3576 in
1154 3501 1273 3575 diebos
1286 3501 1427 3592 lestiss.
1442 3497 1516 3568 toan:

310 3610 364 3686 nis
390 3608 568 3684 deblatha
594 3612 685 3684 ets.
713 3611 830 3684 Felicis
856 3611 898 3686 de
924 3613 1036 3686 valois
1061 3613 1161 3688 etiam
1187 3621 1280 3688 extra
1306 3611 1461 3690 Ecclesius
1474 3603 1517 3676 Or·

311 3720 400 3796 dinis
423 3739 492 3794 non
518 3721 628 3796 solum
645 3719 791 3796 infirmis
808 3730 841 3796 et
857 3725 1065 3808 Moniolibns,
1088 3743 1205 3800 vemm
1223 3727 1323 3800 etiem
1340 3711 1516 3818 mperatori

311 3831 470 3924 Regibus
497 3831 707 3925 Principibus
724 3841 758 3906 et
780 3836 989 3925 Magnatibos
1006 3837 1123 3928 eisque
1140 3837 1398 3914 inservientibus
1422 3820 1518 3906 adscri-

311 3944 377 4040 ptis
403 3944 667 4021 Coulraternitatl
693 3947 928 4022 Sanctissimae
954 3950 1141 4040 Trinitatis3
1175 3951 1411 4026 sanctissimus
1433 3933 1519 4018 lioni-

311 4072 378 4130 nus
403 4055 523 4130 Noster
547 4057 703 4131 Clemens
720 4059 782 4131 PP.
797 4061 872 4132 lllll
889 4059 1042 4134 eamdem
1056 4061 1335 4136 consuetudinem
1351 4045 1518 4154 approbavit

312 4173 347 4248 et
371 4169 537 4243 comessit
562 4168 690 4245 eisdem
715 4171 794 4244 Fir.
820 4171 1006 4247 lacnlbtem
1033 4172 1134 4248 dandi
1150 4176 1374 4270 supradictam
1399 4161 1517 4244 tuoto·

312 4279 438 4358 tionem
455 4283 645 4378 generalem
662 4301 724 4360 seu
741 4283 1085 4366 communicationem
1098 4285 1379 4384 indulgentiarum
1392 4281 1518 4358 alomn-
