3214 4928
632 375 824 442 ..23-

666 565 786 640 XXXI.

180 735 274 810 lioet
298 735 343 810 ab
368 735 432 808 hao
457 735 558 808 Saura
583 732 846 827 congregatione
871 732 1088 826 indulgentiis
1112 741 1147 810 et
1169 737 1244 814 Sao.
1278 737 1341 816 llo·

107 851 217 944 doniis
241 848 435 944 praeposita
459 865 528 920 non
553 845 658 932 mmet
683 845 886 920 declaratum
910 847 1010 921 luerit
1029 849 1189 924 nonnulla
1214 851 1340 928 saneti

111 963 307 1038 monialium
331 959 550 1045 Monostoria,
569 977 663 1052 ,quae
694 963 793 1032 anua
824 959 889 1033 suh
921 957 1085 1053 gubernio
1109 963 1261 1038 Fratrum
1287 965 1340 1041 sui

109 1077 242 1152 Ordinis
270 1074 447 1167 degebant,
474 1091 534 1166 per
559 1072 635 1159 hoo,
661 1069 754 1171 quod
778 1072 945 1167 Episcopo
971 1070 1035 1147 looi
1051 1075 1201 1168 subjeota
1217 1075 1340 1154 deindo

107 1189 239 1274 inerint,
268 1187 444 1280 anlegia
469 1191 502 1260 et
527 1185 763 1278 indulgentias,
790 1185 916 1278 quibus
940 1191 1036 1260 antea
1057 1187 1253 1264 fruebantur
1269 1191 1341 1266 nol·
1390 1257 1395 1268 .

105 1305 236 1378 luteum
264 1299 437 1388 amisisse;
454 1303 568 1372 umen
585 1315 662 1371 oum
675 1296 811 1392 saepius
828 1297 890 1370 alia
907 1297 1008 1371 etiam
1024 1299 1234 1385 llonastoria,
1252 1322 1340 1394 qrrao

107 1414 202 1488 simili
229 1411 337 1486 modo
362 1411 427 1487 sub
452 1409 678 1483 immediatam
695 1409 938 1503 Episcoporum
953 1409 1217 1502 jurisdictionem
1229 1417 1338 1488 trans·

109 1529 165 1601 lata
190 1532 287 1609 sunt,
314 1523 404 1597 idem
430 1523 473 1597 ab
497 1522 686 1616 Apostolioa
712 1521 799 1595 Sede
824 1521 984 1596 deelarari
1001 1523 1170 1598 humiliter
1193 1527 1340 1619 postula·

110 1641 227 1728 ruint3
255 1642 296 1709 nt
320 1636 411 1709 nulla
435 1634 472 1708 in
496 1639 671 1727 posterum
704 1632 878 1707 dubitandi
910 1634 994 1707 ratio
1026 1636 1190 1727 supersit3
1221 1636 1339 1712 eadem

105 1755 203 1824 Saora
228 1747 454 1840 congregatio
478 1763 516 1820 ro
540 1752 671 1820 mature
696 1745 848 1819 discussa
875 1745 930 1820 die
956 1751 1003 1818 20
1025 1747 1147 1841 Aprilis
1166 1753 1256 1823 llll
1278 1751 1338 1826 de·

104 1863 251 1946 tlamrit,
279 1860 478 1934 ilonastoria
502 1859 616 1932 omnia
640 1857 958 1943 sanctimonialium,
986 1877 1073 1952 quae
1098 1879 1214 1935 aoora
1231 1868 1264 1936 et
1276 1881 1338 1956 gu·

103 1976 220 2051 oemio
238 1974 395 2046 Fratrum
412 1989 551 2045 soomm
568 1969 732 2045 ordinum
749 1971 814 2044 suh
831 1970 1058 2046 immediatam
1071 1972 1337 2064 jurisdictionem

103 2090 350 2184 Episcoporom
376 2085 534 2158 translata
559 2091 655 2168 sunt,
682 2101 745 2158 sou
770 2084 1001 2177 inposterum
1030 2086 1201 2158 transferri
1227 2087 1338 2182 aliqua

103 2203 233 2275 ratione
260 2197 458 2289 eontigerit,
484 2215 554 2268 non
578 2195 654 2269 ideo
679 2195 853 2287 Pririlegia
877 2201 911 2270 et
937 2195 1187 2288 indulgentias,
1213 2199 1338 2292 pomus

103 2321 200 2388 antea
227 2309 433 2404 gaudebant,
460 2309 624 2392 amisisse,
649 2327 712 2382 seu
732 2309 896 2382 amissura
912 2309 1000 2384 iore:
1022 2309 1083 2382 sed
1099 2310 1219 2384 eodem
1235 2311 1338 2386 modo

103 2425 234 2500 mnodo
262 2421 441 2518 praedictis
465 2420 649 2513 Privilegiis
675 2427 708 2494 et
733 2419 950 2513 indulgentiis
975 2421 1023 2494 uti
1049 2428 1081 2494 et
1110 2422 1175 2494 inni
1200 2421 1337 2509 debere,

103 2559 139 2612 ao
162 2539 193 2611 si
219 2536 287 2610 sub
314 2535 479 2630 gtrberuio
504 2535 655 2607 Fratrum
681 2551 820 2606 suorum
846 2533 1009 2606 ordinum
1036 2539 1110 2606 uoto
1136 2523 1336 2621 existerent,

104 2669 205 2744 poam
223 2649 300 2722 Sao.
319 2647 594 2740 congregationis
615 2645 821 2719 Sententiam
839 2645 1076 2720 sanctissimus
1091 2647 1254 2722 Dominus
1270 2647 1337 2722 Noa

105 2771 172 2840 ster
196 2763 254 2838 die
280 2767 329 2835 22
356 2760 511 2853 ejusdem
535 2758 662 2833 mensis
689 2757 894 2852 approbavit.

722 2872 759 2944 L.
785 2870 889 2945 Cano.
916 2871 1011 2944 Pium
1037 2872 1159 2944 Pnanr.

564 2983 722 3077 liopltoel
749 2985 887 3056 Cosmus
912 2981 954 3057 do
980 2983 1195 3076 Hieronymis
1212 2985 1335 3060 Serrei.

659 3181 796 3254 xxxtl.
928 3197 937 3212 ·

178 3325 233 3398 Ao
254 3341 333 3396 oum
354 3321 391 3393 io
411 3321 576 3394 Breoidos
593 3321 892 3414 lodoipootiornm
909 3321 1015 3394 oerdo
1035 3319 1099 3393 illo
1115 3323 1338 3414 opponuntur

106 3465 117 3498 ι
139 3434 381 3510 Praesentibus
408 3431 450 3505 ad
475 3434 687 3526 septennium
714 3439 843 3506 tanturn
868 3432 1016 3505 valituris
1042 3463 1053 3496 ι
1090 3429 1182 3505 idem
1207 3435 1336 3526 sopior·

107 3548 203 3621 amm
228 3545 352 3622 dotem
377 3563 401 3618 o
426 3543 482 3618 dio
507 3544 624 3628 doleo
651 3545 704 3618 ool
730 3565 753 3618 o
780 3545 835 3618 dio
856 3545 1102 3639 publicationis
1119 3545 1337 3640 completorii

179 3661 256 3733 Sao
283 3656 504 3752 Congregatio
521 3659 586 3732 diei
608 3657 746 3734 lilioli
767 3658 856 3730 lili
878 3657 1052 3752 respondit
1072 3695 1119 3714 -
1136 3657 1337 3751 computan-

109 3773 189 3848 dom
214 3793 235 3845 a
259 3769 316 3844 die
339 3771 446 3846 datae

647 3970 798 4044 XXXlll.

181 4107 384 4202 Praecipuus
410 4108 496 4184 iuter
512 4127 621 4195 ouras,
639 4109 775 4204 quibus,
794 4109 867 4182 Sao.
886 4105 1107 4202 congregatio
1122 4103 1339 4199 indulgentiis

112 4221 252 4297 etSaor.
271 4219 435 4315 lletiqoiis
466 4225 655 4317 praeposita
680 4221 798 4296 sedulo
824 4221 1002 4305 incumbit,
1021 4237 1060 4294 ea
1077 4226 1139 4304 est,
1164 4225 1203 4294 ut
1225 4217 1338 4291 lodul-

113 4335 251 4430 gontias,
278 4353 367 4428 quae
394 4353 413 4408 o
438 4337 606 4411 nonnullis
631 4335 799 4412 interdurn
824 4339 951 4410 umero
977 4333 1183 4426 evulgantor,
1208 4337 1338 4404 maturo
