3130 4920
786 348 1005 415 -318-

634 547 777 614 onorio
798 548 851 613 ΑΙ)
871 547 980 612 DEUM
1001 547 1157 614 PATREM

351 699 379 772 0
411 699 517 772 Poter
549 698 882 783 misericordiarum,
911 702 988 794 sores
1017 702 1126 774 omnis
1158 701 1238 775 boui
1250 705 1263 774 t
1291 703 1335 776 Te
1365 705 1502 798 supplic

274 825 381 884 ecoro
402 829 468 904 per
495 813 783 896 Soerclissimum,
814 814 944 905 tuique
969 813 1244 886 amantissimum
1271 815 1338 888 Cor
1357 817 1436 890 lesu
1456 817 1501 890 di·

275 923 447 996 lectissimi
472 925 552 999 Dilii
577 925 628 998 tui
652 929 793 1000 Domini
819 932 852 1001 et
875 925 1111 1019 Redemptoms
1135 929 1265 1010 Nostri,
1288 927 1422 1019 imque
1448 931 1503 1002 llll

274 1055 406 1130 semper
431 1037 512 1111 lene
538 1042 739 1133 complores,
766 1040 911 1132 dipoore
928 1039 1110 1114 concedere
1127 1037 1212 1112 milei
1228 1041 1273 1112 N.
1292 1041 1336 1112 N.
1354 1044 1503 1133 prolium

275 1149 376 1221 oiooe
401 1149 508 1232 lidei,
535 1152 657 1244 prome
684 1153 773 1245 Spei,
799 1157 832 1224 et
858 1151 995 1225 urdoris
1014 1151 1202 1225 Gloritotis
1218 1171 1303 1245 mou
1324 1155 1368 1226 Te
1384 1158 1417 1226 et
1429 1175 1504 1248 pro·

274 1261 408 1333 nimum
433 1281 567 1352 meum;
593 1265 732 1356 insuper
756 1265 910 1356 pretium
934 1283 1012 1336 vere
1038 1263 1177 1336 dolendi
1194 1263 1236 1338 dc
1259 1265 1417 1340 omnium
1430 1286 1502 1358 pec·

274 1375 359 1446 cotis
384 1377 468 1448 meis
491 1396 563 1449 uuo
589 1396 666 1450 cum
690 1377 882 1471 firmissimo
905 1378 1084 1469 proposito
1105 1379 1149 1449 Te
1166 1378 1202 1450 in
1215 1383 1394 1468 posterum
1410 1398 1502 1451 uum·

275 1503 380 1576 quom
406 1485 556 1579 offendi:
581 1493 619 1560 ut
644 1488 828 1562 secundum
845 1491 1009 1562 moinum
1027 1491 1283 1582 Deueplocitum
1309 1495 1407 1564 tuum
1423 1511 1503 1565 sem·

270 1617 336 1689 per
360 1599 490 1682 oioere,
524 1601 736 1674 voluntatem
768 1607 866 1674 tuom·
900 1603 1159 1676 Sanctissimom
1184 1601 1287 1676 corde
1310 1621 1453 1695 mopuo,
1477 1609 1505 1676 et

275 1713 392 1784 onimo
418 1714 544 1786 uolenti
570 1715 606 1786 iu
632 1716 787 1787 omuibus
812 1713 1021 1808 adimplere,
1049 1720 1081 1789 ct
1113 1715 1149 1786 in
1175 1734 1294 1789 omore
1320 1720 1378 1790 tuo
1405 1736 1504 1809 uspuc

275 1824 313 1896 in
336 1824 437 1917 tinem
462 1827 555 1899 oitoe
578 1845 676 1900 meuc
696 1845 918 1920 perseuerare
942 1829 1091 1900 oolcom.
1117 1829 1235 1902 Amen.

504 2033 770 2101 incuuanonm
789 2036 842 2101 AD
863 2037 897 2099 B.
918 2035 1108 2101 vincinam
1128 2035 1281 2102 muniam

349 2171 607 2246 ODeotissimo
639 2175 738 2268 Virpo
764 2176 883 2249 Morio
907 2175 1021 2248 Mater
1037 2176 1188 2258 Domini,
1215 2180 1248 2248 et
1272 2175 1505 2272 Redemptoris

273 2283 361 2356 mett
390 2285 434 2356 Te
460 2304 541 2378 erpo
568 2306 705 2378 puoeso,
733 2293 765 2361 te
785 2305 922 2382 precor,
948 2287 1005 2382 loc
1025 2305 1091 2380 per
1110 2285 1384 2363 misericordium
1412 2296 1504 2364 tuom

274 2400 313 2467 ut
337 2395 374 2469 iu
399 2399 554 2472 omuilus
576 2401 737 2492 periculis
763 2405 794 2474 el
826 2399 1079 2474 necessitutibus
1111 2401 1250 2474 ouurcoe
1278 2417 1376 2476 mene
1403 2402 1455 2476 ud
1477 2406 1504 2475 to

274 2509 483 2604 coresupiom,
514 2517 545 2586 te
570 2532 675 2595 orem,
703 2518 735 2588 te
759 2515 913 2588 inuocem
937 2514 974 2586 in
998 2513 1170 2586 omilium
1194 2511 1290 2588 miti.

838 2711 934 2784 CDV.

718 2855 838 2910 unurs
870 2857 919 2909 nn
949 2853 1067 2909 oanrs

347 2961 457 3046 Quum
483 2961 642 3054 Superior
667 2968 701 3037 et
725 2963 922 3036 Sacerdotes
954 2963 1038 3036 Ven.
1065 2961 1144 3035 Piae
1170 2962 1309 3036 Uuionis
1334 2963 1369 3035 S.
1397 2963 1508 3036 Gallae

274 3069 317 3144 de
342 3071 432 3145 Urbe
458 3073 557 3146 enixe
582 3074 859 3166 deprecarentur,
886 3074 1013 3165 aliquas
1047 3073 1208 3167 impertiri
1240 3073 1508 3166 Indulgentiasa

274 3183 551 3258 christifidelibus
577 3187 819 3278 infrascriptam
844 3186 1076 3258 iaculatoriam
1102 3185 1328 3268 recitantibus,
1355 3185 1509 3260 videlicet

273 3297 400 3380 «Fiat,
427 3297 600 3381 laudetur,
627 3303 730 3390 atoue
755 3298 792 3370 in
817 3303 995 3372 oetmuum
1012 3299 1287 3391 superexaltetur
1304 3299 1506 3388 justissimo.

273 3409 458 3491 altissimo,
477 3415 509 3483 et
526 3413 776 3484 amabilissimo
800 3411 960 3484 uolontas
976 3411 1041 3484 Dei
1057 3411 1093 3482 iu
1111 3411 1266 3484 omuibus
1289 3439 1302 3474 ι
1330 3411 1385 3484 vel
1401 3411 1508 3485 italico

272 3521 430 3596 idiomate
454 3551 466 3584 ι
492 3525 554 3596 Sio
578 3525 680 3618 sotto,
709 3523 845 3606 lodoto,
873 3524 916 3597 ed
940 3525 978 3597 in
1003 3528 1118 3597 eterm
1137 3526 1285 3597 esoltoto
1311 3525 1348 3596 lo
1372 3525 1506 3616 pinctis·

272 3634 380 3717 simo,
398 3635 576 3709 citissimo
609 3636 651 3709 ed
683 3637 933 3710 omulrilissimo
962 3636 1104 3710 uolonto'r
1136 3633 1173 3707 di
1204 3637 1272 3707 Dio
1301 3635 1338 3708 iu
1367 3636 1507 3709 tuttele

273 3765 348 3821 cose
372 3775 384 3812 ›
409 3747 646 3821 sanctissimus
670 3749 834 3822 Dominus
866 3749 985 3822 Noster
1010 3749 1089 3821 Pius
1122 3747 1183 3819 PP.
1217 3745 1276 3820 Vll
1305 3765 1407 3839 quam
1438 3749 1505 3820 Deo

272 3864 413 3950 protum,
441 3877 611 3951 quamque
627 3859 782 3934 fidelibus
800 3860 879 3934 utile
900 3862 964 3933 hoo
981 3860 1074 3953 pium
1096 3857 1290 3932 exercitium
1309 3875 1505 3950 agnoscens,

273 3971 450 4044 oratorum
476 3971 632 4064 precibus
657 3971 803 4064 benigne
827 3973 1014 4056 inclinatus,
1032 3970 1189 4043 omnihus
1205 3971 1382 4062 utriusque
1400 3987 1508 4044 serus

274 4083 564 4167 christifidelibus,
583 4083 640 4174 qui
658 4084 905 4177 praelaudatam
920 4083 1151 4156 iaculatoriom
1175 4082 1277 4155 corde
1291 4080 1407 4154 saltem
1425 4097 1509 4156 con·

273 4197 351 4270 trito
368 4215 407 4268 uc
423 4195 543 4270 devote
569 4198 792 4282 recitaverint,
818 4196 1061 4288 indulgentiam
1086 4201 1221 4270 centum
1246 4194 1376 4270 dierum
1398 4195 1508 4269 semel

273 4307 309 4385 in
334 4307 390 4384 die
415 4309 459 4384 ab
483 4324 690 4401 unoquoque
715 4309 951 4402 acquirendam
977 4309 1123 4401 benigne
1147 4308 1321 4383 concessit.
1343 4308 1385 4384 lis
1411 4325 1507 4390 vero,
