3134 4918
774 367 991 435 -diss-

269 507 417 582 Summis
444 505 657 579 Pontificibus
683 505 852 577 concessis
877 503 1053 596 nutusque
1078 522 1182 577 sexus
1212 502 1493 588 christifidelibus,

270 621 328 714 qui
345 621 466 694 dictam
483 619 792 694 confraternitatem
810 617 1047 709 ingredientur,
1066 623 1099 691 et
1115 617 1266 690 habitum
1287 618 1432 710 legitime
1446 637 1493 690 re·

271 731 437 828 ceperint;
464 732 539 805 iicet
564 751 626 805 neo
652 737 787 805 servent
812 729 1044 803 abstinentiam
1071 750 1090 802 a
1115 731 1272 803 carnibus
1296 730 1378 803 teria
1404 749 1494 823 quar-

269 853 313 933 ia,
331 865 396 920 nec
411 847 535 939 septies
553 847 587 918 in
603 845 658 919 die
683 847 873 918 Orationem
899 845 1149 929 bomintcalem,
1176 851 1210 918 et
1234 845 1426 936 Angeiicam
1446 847 1496 916 Sa·

270 960 462 1034 tutationem
488 959 644 1048 reciteut;
671 957 855 1032 dummodo
880 959 991 1032 dicant
1023 959 1190 1044 orationes
1215 959 1448 1052 praescriptas,
1468 965 1497 1032 et

267 1078 429 1168 peragant
446 1087 546 1164 opera
563 1071 617 1164 pia
635 1091 653 1142 a
671 1072 819 1143 Summis
837 1071 1052 1144 Pontificibus
1078 1072 1113 1144 in
1138 1073 1357 1144 concessione
1375 1089 1497 1144 earum·

268 1187 347 1262 dem
372 1187 536 1278 injuncta3
563 1183 647 1260 inter
673 1203 761 1278 quae
776 1185 857 1258 iliud
879 1186 989 1258 iocum
1016 1185 1128 1270 babet,
1155 1191 1192 1258 ut
1217 1203 1359 1278 parvum
1378 1185 1495 1277 Scapu-

265 1302 336 1374 lare
360 1299 509 1374 deterant
533 1299 691 1370 continuo
708 1296 859 1390 pendens
876 1317 895 1370 a
912 1300 1007 1380 cotio,
1025 1317 1161 1391 unaque
1177 1298 1231 1372 soi
1251 1305 1347 1392 parte
1373 1304 1495 1392 pectus,

269 1420 302 1487 et
327 1413 428 1486 eitera
445 1411 604 1504 scapulas
630 1417 811 1502 contegens
829 1441 840 1474 ι
866 1413 912 1484 ita
938 1411 1118 1486 declararit
1136 1413 1209 1484 Sac.
1236 1413 1359 1504 congr.
1379 1413 1440 1485 Die
1457 1417 1496 1482 ti

270 1523 441 1600 Februarii
470 1527 573 1596 idib.

801 1689 971 1766 ccxcix,

639 1891 643 1898 ,
783 1835 987 1890 cnunnnonu.

345 1942 494 2030 deom
519 1941 695 2016 Porocbus
719 1943 887 2020 Dtoeoosis
914 1944 1168 2018 Cameracensis
1183 1944 1389 2037 foeditatem
1407 1943 1500 2016 dotet

271 2055 469 2150 imponendi
496 2057 686 2148 Scopuiorc
710 2058 750 2128 B.
777 2058 822 2130 M.
856 2059 888 2128 V.
917 2056 958 2130 de
981 2059 1096 2131 Monte
1122 2057 1303 2130 Gurmeio:
1330 2058 1500 2150 quaerite

271 2171 348 2244 Soc.
376 2169 499 2260 cnop.
527 2171 643 2240 utrum
667 2168 800 2242 sibimet
824 2167 912 2242 iilud
933 2170 1041 2259 possit
1067 2171 1269 2261 imponeret

341 2283 415 2354 Sao.
442 2280 661 2372 congregatio
687 2279 859 2371 respondit
883 2281 1117 2352 ‹Affirmative
1142 2288 1308 2372 quatenus
1342 2283 1429 2356 baec
1459 2281 1500 2354 ia·

269 2395 374 2468 cuitus
401 2393 562 2466 habeatnr
587 2390 885 2475 indiscriminatim,
912 2393 1048 2465 minime
1078 2411 1159 2465 rero
1191 2395 1348 2478 tanatire
1378 2413 1431 2468 ex.
1457 2414 1498 2484 pr.

270 2526 332 2599 pro
362 2505 472 2597 eliqua
502 2503 693 2577 itioniaiium
726 2503 964 2576 communitate
996 2511 1124 2577 tontum
1157 2511 1219 2577 etc.
1245 2535 1257 2568 ι
1281 2506 1343 2579 Die
1381 2507 1502 2578 ibiar·

270 2617 305 2692 tii
318 2617 320 2622 ’
334 2622 439 2689 isto,

869 2731 907 2802 D.

671 2871 800 2928 ruonnrr
828 2873 903 2928 coor
928 2875 961 2928 m
986 2873 1105 2930 coemo

346 2979 535 3066 Quaeritur
556 2979 595 3052 in
622 2981 732 3054 Sucro
757 2979 1058 3074 Indeipeotiorum
1085 2983 1388 3076 Cooprcpotiooe:

346 3091 396 3190 t.⁰
425 3093 545 3166 Utrum
571 3093 739 3166 Sacerdos
764 3096 956 3188 satisfaciet
983 3096 1187 3188 oblipoiiooi
1211 3097 1414 3170 celebrandi
1430 3097 1501 3169 titr-

202 3221 206 3226 “
270 3225 346 3279 som
355 3224 422 3298 pro
442 3205 611 3300 depromo,
630 3207 800 3280 seruando
819 3209 933 3280 netum
950 3209 1074 3292 Ferme,
1093 3209 1146 3281 rei
1163 3209 1412 3301 cujuscumque
1427 3211 1501 3281 san·

270 3317 325 3403 ott,
353 3318 482 3391 etiamsi
508 3335 577 3391 non
602 3319 646 3392 sit
671 3319 892 3412 semidupien,
920 3329 977 3394 aut
1000 3321 1150 3414 duptam

343 3431 416 3502 Sao.
444 3431 666 3523 congregatio
692 3433 864 3524 respondit
882 3433 903 3495 ἰ
918 3433 1146 3507 Affirmetire»

344 3541 396 3614 2⁰
424 3541 544 3614 titrrrm
569 3545 629 3634 poi
649 3546 871 3637 priritcpr'om
905 3545 1024 3628 tabet,
1056 3549 1238 3640 personate
1263 3563 1332 3640 pro
1358 3551 1500 3640 quotuor

270 3655 380 3730 Missis
406 3655 442 3726 io
469 3653 695 3729 hebdomadis
720 3658 880 3749 siopuiis,
908 3659 1031 3731 debeat
1055 3677 1132 3732 oum
1153 3663 1374 3752 pcromentis
1400 3661 1503 3733 soture

269 3769 370 3860 oium
396 3768 569 3840 celebrare
595 3767 713 3842 diebos
737 3789 807 3843 ooo
832 3771 1021 3864 impeditis,
1047 3777 1086 3843 ot
1111 3773 1221 3866 possit
1251 3773 1501 3866 Indeipeotioro

273 3881 475 3953 Pieoorium
496 3899 564 3972 pro
591 3883 773 3956 unimobus
799 3883 1036 3976 defunctorum
1062 3885 1194 3957 iucruri
1206 3887 1222 3955 t

346 3993 421 4064 Sec.
448 3991 669 4084 congregatio
694 3995 867 4088 respondit
895 3997 1149 4069 «Affirmetire»

348 4101 398 4174 3.⁰
429 4103 548 4175 Utrum
575 4105 634 4196 put
659 4107 807 4180 celebrat
832 4109 868 4180 io
893 4109 1008 4182 otiari
1032 4109 1256 4202 Prtoitepioto
1277 4127 1345 4203 pro
1367 4107 1502 4202 sicputis

272 4214 401 4296 diebus,
428 4213 550 4288 debeat
574 4237 705 4310 semper
729 4221 781 4292 oti
800 4222 1017 4312 pernoscatis
1040 4221 1150 4313 nipris
1173 4221 1291 4296 diebos
1311 4241 1383 4296 ooo
1407 4223 1500 4314 impe-

273 4325 364 4409 ditis,
391 4331 430 4400 ot
454 4326 710 4420 isdotpeotiom
734 4333 911 4426 Prioiicpii
936 4337 1192 4426 conseqoctorr
