3182 4922
595 359 812 425 -arr-

108 493 218 587 scripio
240 513 300 588 pro
324 512 417 578 uno,-
431 494 483 567 vet
507 511 569 586 pro
593 494 746 586 pluribus
772 492 953 576 defunctis,
974 491 1064 580 ‘dana'
1088 496 1230 594 mortem
1254 509 1314 585 op·

106 607 254 698 prterunt
274 605 316 686 ad
342 603 496 680 eamdam
521 606 612 700 piam
637 607 836 680 societatem
866 605 1096 700 spectantibus
1104 629 1120 689 ,⁸
1139 603 1182 678 ad
1207 603 1314 696 quod·
1349 618 1353 631 ’

106 717 170 792 ibet
190 719 295 794 ditare
320 719 480 793 celebrari
504 718 603 805 dent,
630 720 683 794 vel
708 739 726 792 a
752 717 988 794 Sacerdotibus
1021 717 1196 810 adscriptis
1228 716 1314 791 cete-

104 829 276 916 brabuntnr,
304 831 421 906 eadem
446 833 708 925 inperpetuum
735 831 881 924 gaudere
906 831 1019 925 gratia,
1046 848 1084 904 ac
1108 830 1137 902 si
1162 827 1316 902 inditori

103 941 286 1036 Pddtogbtn
312 944 496 1018 celebratae
526 943 693 1018 tuissent·
713 944 883 1018 Praesenti
916 943 1057 1018 valituro
1090 941 1219 1032 absque
1250 939 1317 1012 nita

104 1055 198 1128 ttreris
222 1057 446 1150 expeditione
471 1059 592 1134 batum
617 1058 743 1131 Romae
757 1075 801 1131 ex
814 1058 939 1132 Secret.
953 1058 1026 1132 Sao.
1045 1051 1317 1180 congregationis

102 1166 210 1261 induto
237 1169 291 1245 die
319 1175 365 1242 1ο
391 1170 598 1265 Septembris
626 1175 732 1243 roco.

481 1367 484 1372 ,
624 1211 1188 1365 d.crrn.dsonrrrros1>nrrr.·

596 1395 638 1472 A.
664 1395 823 1491 drobipr.
850 1393 1054 1469 Prinzioatii
1084 1393 1195 1470 Sabat.
1299 1433 1305 1442 ·

181 1665 184 1672 ,
639 1593 766 1681 11111111.
830 1635 832 1642 s
893 1651 895 1654 .

151 1737 273 1792 onnrnrs
299 1737 553 1795 mnuncnrnnrr
578 1737 859 1795 cxcnccrnronrnr
885 1739 920 1792 nr
944 1737 1096 1790 nrcrrorrn
1121 1734 1260 1788 amoma

166 1848 316 1921 Viacrim
340 1848 568 1922 Prouinciotis
597 1847 862 1921 carmelitarum
886 1847 1173 1934 &catenatorum
1189 1845 1226 1916 in
1242 1841 1319 1914 Bet·

101 1958 146 2046 oio
169 1961 310 2053 reponit
333 1987 346 2021 ι
370 1962 407 2033 in
434 1961 681 2034 constitutione
705 1960 811 2032 Ponti
841 1960 874 2032 V.
903 1964 950 2030 30
977 1957 1131 2032 Octobris
1165 1957 1259 2028 icoo
1284 1954 1321 2026 in

100 2085 159 2159 nuc
169 2071 399 2145 conceduntur
411 2072 651 2166 indatpmtiae
669 2071 899 2166 confratribus
916 2074 950 2143 et
965 2069 1202 2143 consororibus
1218 2068 1259 2138 B.
1273 2067 1320 2140 M.

100 2181 266 2259 odorra
295 2186 463 2269 carmelo,
490 2173 694 2279 disponitor,
721 2183 958 2277 indctpcntias
983 2177 1320 2282 canonicatibus,

101 2296 149 2384 nri
173 2296 497 2392 cnnfrotcrnitatem
522 2296 773 2390 inpradiuntur,
800 2301 840 2368 et·
855 2295 1013 2369 Habitum
1036 2291 1233 2384 receperint.

161 2411 325 2484 Similiter
349 2411 386 2483 in
411 2411 607 2484 Sammcrio
634 2407 933 2501 indntpmtiaram
950 2425 974 2492 a
990 2403 1227 2498 confratribus
1240 2400 1324 2494 ipsis
1431 2415 1434 2423 ’

101 2520 350 2606 torrendorum,
364 2521 457 2616 acad
469 2541 560 2596 anno
581 2526 687 2594 ibic.
707 2525 753 2592 22
771 2521 892 2596 Martii
916 2519 1128 2611 rcccpnitnm
1146 2519 1178 2589 ct
1198 2531 1323 2608 appro-

100 2632 203 2708 batam
227 2636 297 2729 fnit
321 2655 345 2708 o
371 2637 446 2708 Soc.
478 2635 748 2727 conprcpotime
772 2626 1325 2726 indntpcntiarnm,et1ictipnio·
1465 2635 1469 2645 ’

98 2763 176 2830 rom,
202 2747 362 2828 babetur,
387 2747 502 2842 fideles
528 2747 577 2820 ad
601 2747 683 2820 iiios
707 2744 963 2838 consequendos
985 2741 1122 2838 inprcdi
1146 2740 1266 2815 debere
1289 2739 1326 2811 in

101 2858 414 2953 cmfrctmnitatcm
439 2860 787 2942 cononicacroctam,
814 2864 845 2932 ot
870 2865 910 2932 ut
935 2859 1105 2951 toptrtmm
1129 2856 1173 2929 rit
1195 2854 1324 2946 inares-

99 2985 147 3044 ans
169 2993 301 3055 eornm
328 2978 484 3066 oportere
509 2970 602 3065 quod
625 2972 977 3064 recipiantSaapntare
993 2967 1211 3044 benedictum
1227 2984 1246 3038 a
1262 2965 1326 3038 Su·

98 3085 218 3172 periore
243 3085 437 3178 Religionis,
463 3103 525 3159 seu
550 3085 593 3159 ab
619 3085 682 3158 atio
695 3082 874 3159 Sacerdote
887 3082 1075 3157 tenuitatem
1088 3079 1233 3153 habente
1248 3093 1326 3151 curu

99 3194 322 3274 beucdoendi.

162 3314 249 3386 Pari
274 3311 377 3386 modo
406 3313 557 3386 cterncris
582 3312 636 3383 XI
658 3311 694 3384 in
719 3329 780 3384 sac
806 3310 909 3384 Brevi
936 3301 1328 3387 commonicionem,

99 3425 274 3518 confnnot
298 3424 475 3516 quoddam
491 3426 673 3498 Decretum
688 3423 954 3498 Eminentissimi
972 3420 1176 3511 Sooripantc
1188 3409 1330 3488 Ordinis

102 3534 363 3612 conneiitaram
387 3538 612 3620 Protectoris,
639 3537 676 3610 in
702 3555 768 3627 pao
795 3535 959 3610 dicitnr
984 3530 1151 3606 admissos
1184 3524 1234 3599 od
1264 3522 1329 3596 ati·

99 3665 196 3736 mour
221 3651 386 3724 cononice
412 3655 561 3724 erectum
586 3648 911 3742 confraternitatem
929 3640 1124 3736 bainsmodi
1139 3636 1245 3714 teneri
1266 3633 1332 3728 pri

98 3777 148 3830 rna
172 3762 244 3836 rice
270 3757 419 3856 recipere
444 3763 620 3848 Habitum,
646 3779 709 3835 seu
733 3761 914 3854 Scaputara
938 3756 1154 3833 benedictum
1179 3770 1199 3830 a
1224 3749 1330 3840 Supe-

98 3871 236 3948 rioribus
261 3874 452 3967 Religionis,
479 3876 532 3948 vei
558 3875 602 3950 ab
626 3874 691 3947 alio
716 3872 907 3957 Sacerdote,
935 3871 989 3944 oui
1005 3868 1092 4014 dicta
1111 3855 1332 3939 benedicendi

98 3980 230 4058 tronus
256 3982 355 4060 tuerit
381 3987 583 4061 attributa.
805 3995 807 4001 ‘
918 4007 921 4016 ⁴

169 4097 323 4172 Tandem
349 4100 426 4174 Suc.
456 4099 693 4192 concrepatio
712 4095 1014 4188 indatpmticram
1039 4104 1132 4164 anno
1161 4088 1255 4158 1810
1277 4079 1333 4156 dc·

97 4207 244 4284 rtarnoit
259 4211 375 4284 natare
391 4208 657 4303 adscriptionem
674 4209 828 4303 fidetium
845 4210 882 4282 in
895 4201 1236 4299 vvconfraternitatem
1252 4197 1335 4269 Sca·

96 4321 247 4412 potoris,
273 4321 458 4400 domando
484 4323 588 4399 iniis
614 4320 849 4428 emendandis
873 4322 1050 4400 sernentnr
1076 4307 1336 4394 mistontioiim
