3120 4924
584 367 798 436 -etl-

80 498 161 574 nodi
186 499 328 594 gratiam
353 501 483 594 absque
507 500 574 576 ulla
598 504 713 578 Brevis
739 501 951 599 expeditione
982 504 1153 597 perpetuis
1184 495 1304 580 tutaris

78 615 279 708 temporibus
295 615 367 690 lore
383 615 568 690 valituram.
585 615 706 690 Datum
723 617 849 692 Romae
865 635 909 692 ex
926 617 1109 708 secretaria
1125 618 1198 692 Sao
1220 618 1304 694 Con·

76 729 270 822 gregationis
294 728 579 824 indulgentiarum
605 730 661 806 dio
686 734 732 804 23
759 731 848 806 iunii
877 731 983 803 1767.

838 845 871 918 S.
897 844 1030 938 Borpio
1056 845 1179 922 decret.

643 1041 734 1118 CCC.

138 1182 381 1258 smodssimus
413 1185 575 1258 Dominus
599 1183 720 1260 Noster
744 1183 900 1258 Clemens
926 1184 988 1257 PP.
1018 1185 1094 1258 iiiii
1120 1183 1162 1259 ad
1186 1200 1305 1279 preces

75 1291 270 1370 lbbatissae
294 1301 328 1370 et
350 1297 542 1370 lioniadnm
558 1297 748 1372 Monosterii
765 1299 799 1371 S.
816 1295 965 1373 Marthae
980 1297 1079 1373 Urbis
1094 1295 1240 1391 benigno
1257 1299 1305 1372 in·

75 1407 228 1494 olmatrrs,
255 1408 384 1483 eisdem
410 1411 617 1502 coeterisque
642 1409 677 1482 in
700 1407 854 1503 praelato
873 1411 1073 1488 ilionasterio
1105 1411 1305 1505 degentibus

76 1527 199 1594 bnbxm
225 1539 306 1596 rere
330 1525 588 1616 poenitentibus,
615 1523 777 1597 confessis
794 1543 832 1596 ao
849 1525 883 1598 S.
902 1523 1145 1602 communione
1161 1524 1304 1610 reiectis,

73 1653 106 1706 ao
127 1637 225 1727 juxta
248 1643 399 1710 monem
425 1637 611 1710 sanctitatis
637 1639 725 1712 Suae
741 1638 796 1732 pie
813 1638 985 1712 orantibus
1002 1639 1036 1711 in
1059 1638 1178 1713 decem
1194 1637 1305 1712 Domi-

75 1748 153 1820 nicis
176 1748 459 1842 praecedentibus
484 1750 555 1823 sive
580 1749 865 1843 subseqnentibus
890 1751 1013 1826 iestom
1039 1752 1073 1824 S.
1098 1751 1215 1844 ignatii
1244 1753 1307 1824 Lo-

74 1863 162 1952 polae
187 1862 434 1956 indulgentiam
459 1863 493 1936 in
519 1883 635 1937 earum
653 1864 801 1956 qualibet
818 1865 1003 1940 plenariam
1029 1866 1203 1940 concessit.
1222 1865 1306 1940 item

77 1973 200 2047 ebdom
226 1975 443 2062 hionialibuS,
469 1977 678 2068 coeterisque
700 1977 737 2049 in
762 1975 962 2052 lionasterio
995 1975 1193 2070 degentibus
1219 1997 1308 2071 qnae

77 2105 149 2162 rere
172 2087 398 2181 poenitentes,
425 2089 598 2163 conlassae
623 2089 715 2186 aoS.
734 2088 978 2164 communione
1002 2089 1145 2165 relectae
1161 2092 1196 2164 in
1221 2091 1307 2166 inte·

76 2202 149 2274 riori
173 2202 370 2276 ilonasterii
400 2203 548 2277 Ecclesia
573 2209 649 2277 ante
674 2203 858 2278 servatoris
882 2203 993 2278 Nostri
1021 2203 1099 2278 iesu
1122 2203 1307 2298 Imaginem

77 2315 144 2408 pias
168 2315 214 2389 ad
230 2316 339 2390 mum
364 2335 482 2410 proces
499 2315 687 2404 elluderint,
704 2318 739 2390 in
755 2318 837 2392 teria
853 2325 949 2392 sexta
965 2324 1042 2412 post
1058 2324 1209 2392 octavam
1225 2319 1308 2392 San·

79 2427 212 2502 rtisslm
237 2427 395 2522 Corporis
420 2429 543 2504 Christi
567 2429 812 2524 Indulgendum
837 2427 987 2504 similiter
1016 2429 1201 2505 Plouariam
1226 2447 1307 2504 eon·
1433 2433 1436 2440 '

79 2542 187 2634 emolu
214 2559 254 2615 ac
279 2543 418 2636 insuper
442 2542 571 2618 eisdem
595 2547 750 2638 utsupra
776 2539 956 2638 dispositis,
975 2550 1008 2618 et
1033 2551 1109 2618 ante
1126 2542 1307 2618 Salvatoris

79 2651 178 2730 llostri
205 2655 287 2730 iesu
311 2657 495 2747 imaginem
520 2655 575 2751 ple
601 2657 772 2732 orantibus
796 2658 833 2730 in
857 2656 964 2752 prima
981 2655 1063 2730 teria
1084 2662 1179 2731 sexta
1196 2657 1307 2751 cujus·

81 2767 149 2842 libet
172 2771 302 2843 mensis
327 2768 570 2862 indulgentiam
596 2777 727 2864 septem
752 2790 917 2845 annorum
942 2767 1148 2864 totidemque
1166 2769 1308 2864 qnadra-

83 2897 233 2972 genarum
260 2881 443 2956 clementer
460 2883 617 2976 elargitus
635 2890 696 2957 est.
719 2881 899 2977 voluitque
915 2884 1041 2960 Eadem
1058 2885 1221 2959 Sanctitas
1238 2886 1307 2958 Soa

83 3011 189 3069 onnes
206 3001 240 3070 et
257 2995 407 3088 singulas
424 2993 616 3102 hujusmodi
634 2995 755 3088 gratias
772 2997 943 3090 perpetuis
962 2998 1082 3072 foturis
1098 2997 1306 3093 temporibus

84 3107 198 3202 absque
222 3105 291 3184 nlla
316 3108 431 3182 Brevis
456 3107 671 3204 expeditione
695 3108 766 3182 iore
791 3109 958 3184 valituras.
1071 3107 1077 3120 “

140 3221 263 3296 mium
288 3221 417 3294 homae
442 3241 485 3296 ex
510 3221 694 3297 secretaria
719 3219 792 3298 Sao.
819 3221 1092 3317 congregationis
1124 3217 1304 3314 indulgen·

83 3331 189 3410 ittam
213 3333 270 3412 die
296 3337 343 3408 23
369 3333 458 3410 lunii
483 3339 590 3410 lidi.

885 3447 919 3523 S.
945 3447 1078 3543 borgia
1104 3445 1227 3524 Seorct.

634 3646 740 3721 0001.

497 3815 502 3822 -
570 3791 805 3849 resarsurum

147 3901 230 3976 (ium
254 3895 438 3979 blodemus
458 3898 738 3995 Archiepiscopus
763 3903 1018 3974 Beneventanus
1035 3899 1180 3972 ioannes
1196 3895 1304 3989 Bapti-

89 4015 131 4082 sta
158 4011 343 4088 dolombini
375 4011 592 4086 sanctissimo
622 4015 764 4088 Domino
793 4013 913 4089 Nostro
946 4011 1108 4087 Clementi
1133 4010 1196 4086 Pr.
1228 4007 1304 4083 iiiii

90 4121 255 4200 humliime
268 4128 463 4222 exposuerit
478 4125 666 4200 iacultatom
678 4125 945 4221 archiepiscopis
965 4123 1207 4199 Beneventanis
1220 4122 1306 4194 Pon·

93 4233 207 4310 meana
236 4239 468 4314 exercentibus
495 4246 630 4312 centum
656 4239 787 4314 dierum
812 4239 1054 4332 indulgentiam
1080 4232 1320 4332 impertiendi'

99 4347 295 4450 tandemque
308 4354 410 4431 ctiam
422 4353 604 4447 elargiendi
620 4373 682 4449 pro
699 4354 771 4430 aliis
787 4354 919 4448 pietatis
936 4353 1096 4449 operibus
1109 4349 1213 4427 veteri
1229 4363 1307 4422 oon·
