3346 4924
317 311 362 377 le

343 440 418 504 item
441 439 535 502 vetuit
549 437 687 503 benedici
702 438 852 518 ejusmoni
867 439 1032 516 bledallias,
1049 437 1232 516 chartaceos,
1248 437 1294 500 vel
1308 453 1348 500 ex
1362 439 1452 502 simili
1469 455 1525 504 ma·

282 533 356 597 teria
378 533 528 598 contectas
548 531 602 596 sed
622 533 832 596 tantummodo
854 549 893 595 cx
914 549 998 610 auro,
1013 537 1148 612 argento,
1164 547 1242 609 acre,
1254 531 1416 609 auricalco,
1431 532 1525 598 aliove

281 628 378 694 solido
400 627 521 691 metallo
542 627 750 704 consistentes,
772 624 859 689 aliter
879 625 962 690 nulla
984 641 1108 707 prorsus
1128 625 1280 706 gaudeant
1301 624 1503 707 Indulgentia.

341 723 374 785 ln
401 721 618 786 distribuendis
650 709 825 800 huiusmodi
855 719 1105 798 Numismatibus,
1137 735 1304 800 eorumque
1335 737 1393 784 usu
1413 721 1524 787 &dem

279 816 429 884 Sanctitas
450 815 511 880 Sua
531 815 643 878 servari
661 815 750 894 jubet
769 816 932 879 Decretum
953 813 1002 879 lei.
1018 831 1079 878 rec.
1095 813 1327 905 blesandriVli
1340 815 1525 880 editumsub

203 961 205 966 ,
280 912 329 977 die
350 912 370 977 6
391 911 548 976 Februarii
572 909 650 974 incl
672 909 831 987 nimirum,
859 915 893 973 ut
913 909 1113 988 Numismata,
1145 925 1223 990 quae
1249 910 1341 990 vulgo
1370 911 1525 975 iledalliao

279 993 497 1087 nuncupantur
518 1020 590 1068 cum
610 1003 773 1085 praedictis
794 1003 997 1084 indulgentiis
1018 1002 1177 1067 benedicta
1198 1019 1260 1066 non
1282 1007 1436 1067 transeant
1460 1021 1526 1086 per-

279 1117 387 1166 sonam
408 1099 542 1180 illorum,
563 1098 677 1180 quibus
698 1114 715 1160 a
735 1097 891 1162 ilonachis
911 1098 1053 1178 praelatis
1066 1097 1281 1176 concedentur,
1295 1103 1348 1162 aut
1361 1098 1474 1180 qulbus
1486 1099 1524 1164 ab

278 1197 328 1262 his
349 1197 445 1278 prima
467 1196 532 1260 vice
553 1195 786 1272 distribuentur,
808 1209 865 1257 nec
884 1193 1081 1272 commodari,
1108 1199 1162 1256 aut
1192 1193 1282 1257 rendi
1313 1199 1366 1257 aut
1390 1195 1524 1276 precario

280 1292 346 1356 dari
367 1291 497 1369 valeant,
517 1290 652 1371 alioquin
674 1293 797 1353 careant
817 1287 1019 1368 indulgentiis
1037 1287 1101 1368 jam
1121 1288 1282 1368 concessis,
1302 1292 1333 1352 et
1353 1289 1454 1369 aliqua
1474 1290 1523 1354 de·

278 1385 407 1468 perdita,
430 1385 521 1450 altera
544 1401 598 1466 pro
619 1399 653 1448 ea
675 1383 845 1463 subrogari,
867 1383 1061 1448 nullomodo
1083 1381 1186 1463 possit,
1208 1381 1304 1445 nisia
1335 1383 1449 1463 quibus
1479 1401 1525 1450 su·

279 1497 334 1562 pra
355 1479 514 1544 benedicta
535 1479 637 1559 luerit,
657 1493 850 1562 quacumque
870 1477 1075 1556 concessione,
1096 1476 1326 1558 autpririlegio
1347 1479 1379 1542 in
1407 1483 1523 1544 contra·

280 1575 361 1640 rium
383 1591 443 1639 non
465 1574 613 1639 obstante.
687 1597 688 1600 ¹

341 1669 469 1750 Insuper
489 1685 633 1752 expresse
654 1669 805 1750 prohibet,
827 1683 866 1732 ne
887 1667 956 1750 quis
983 1666 1138 1744 Sacerdos,
1170 1667 1232 1732 sive
1259 1669 1433 1749 saecularis,
1464 1669 1526 1735 sire

279 1764 443 1845 cuiuslibet
463 1763 596 1843 Ordinis,
619 1763 869 1844 Congregationis
895 1768 948 1826 aut
968 1761 1102 1826 instituti
1124 1763 1293 1842 Regularis,
1307 1764 1413 1844 quavis
1432 1765 1525 1831 etiam

279 1860 428 1941 dignitate
448 1863 502 1922 aut
521 1859 621 1924 officio
642 1859 807 1938 insignitus
827 1863 912 1922 extra
940 1858 1108 1938 praedictos
1139 1858 1304 1922 ilonaehos
1335 1859 1525 1940 Bobaemlae,

278 1951 435 2030 horariae,
457 1959 488 2016 et
509 1950 645 2029 silesiae,
666 1951 713 2014 rel
734 1951 848 2031 quibus
868 1967 884 2014 a
906 1950 937 2015 S.
951 1950 1031 2014 Sede
1051 1966 1090 2013 ex
1110 1950 1233 2030 speciali
1248 1951 1408 2040 privilegio
1422 1953 1526 2020 indul·

277 2055 344 2116 tum
364 2047 466 2124 luerit,
488 2045 637 2127 eiusmodi
657 2047 858 2124 Numismata,
879 2061 932 2109 seu
955 2045 1068 2108 Cruces
1087 2045 1276 2125 benedicere,
1298 2052 1387 2111 aula
1418 2064 1452 2112 se
1472 2047 1525 2113 bc·

277 2142 397 2207 nedicta
420 2141 563 2206 fidelibus
584 2141 767 2206 distribuere
788 2141 908 2218 audeat,
929 2140 974 2205 rel
997 2145 1169 2220 praesumat
1188 2140 1247 2206 sub
1268 2143 1376 2222 poenis
1405 2149 1526 2224 praeter

276 2236 448 2302 nullitalem
468 2235 698 2314 benedictionis,
732 2245 763 2298 et
784 2234 1056 2316 Indulgentiarum,
1090 2249 1145 2314 per
1176 2237 1357 2317 respectiros
1388 2237 1525 2305 locorum

277 2331 452 2397 Ordinarios
473 2335 525 2394 aut
546 2330 631 2394 linei
653 2331 851 2411 inquisitores
869 2331 955 2411 juxta
977 2336 1078 2392 reatus
1093 2329 1269 2409 qualitatem
1284 2330 1410 2395 arbitrio
1426 2333 1528 2400 inllin·

277 2424 395 2507 gennis,
417 2425 662 2504 quibuscumque
683 2425 713 2487 in
736 2424 922 2488 contrarium
943 2422 1124 2487 iacientibus
1145 2440 1206 2487 non
1228 2424 1376 2489 obstante.

338 2518 499 2597 voluitque
520 2517 669 2582 Sanctitas
690 2517 751 2582 Sua
773 2519 856 2598 quod
882 2519 1008 2581 istarum
1031 2518 1200 2581 litterarum
1231 2521 1440 2600 transumptis,
1470 2539 1525 2587 seu

276 2612 424 2692 exemplis
444 2613 536 2676 etiam
557 2613 721 2693 impressis,
742 2629 834 2676 uranu
858 2613 985 2692 alicuius
1005 2613 1121 2677 Notarii
1143 2611 1258 2693 publici
1284 2615 1337 2678 *vel
1363 2613 1526 2682 secretarii

275 2706 446 2770 visitatoris
468 2711 604 2788 perpetui
626 2708 770 2789 praedicti
793 2725 846 2788 pro
868 2715 1005 2788 tempore
1025 2709 1183 2772 existentis
1197 2709 1365 2787 subscritis,
1380 2716 1411 2772 ct
1424 2711 1526 2791 sigillo

276 2816 423 2883 personae
444 2803 475 2864 in
498 2802 645 2881 dignitate
666 2802 876 2866 Ecclesiastlca
897 2802 1090 2880 constitutae,
1111 2804 1159 2866 rol
1190 2804 1328 2882 ejusdem
1359 2805 1525 2886 Bennoms,

275 2899 329 2960 aut
348 2896 506 2960 existentis
528 2913 582 2977 pro
604 2903 741 2978 temporo
761 2897 931 2960 visitatoris
952 2898 1090 2978 perpetui
1111 2900 1238 2961 munitis
1258 2899 1364 2962 eadem
1398 2915 1525 2980 prorsus

275 2991 307 3055 in
326 2991 452 3070 jndicio,
473 2998 504 3054 et
524 2997 608 3054 extra
630 2991 743 3071 ubique
765 2991 900 3056 locorum
921 2992 995 3055 lldes
1016 2992 1207 3071 adhibeatur,
1228 3008 1306 3072 quae
1326 2991 1526 3060 adhiberetur

274 3085 383 3149 litteris
405 3085 478 3167 ipsis
500 3085 701 3166 originalibus
721 3085 747 3150 si
768 3086 866 3150 lorent
886 3079 1040 3150 exhibitae
1062 3086 1108 3149 rel
1129 3093 1274 3151 ostensae.

352 3307 452 3380 Sacra
468 3305 687 3400 congregatio
703 3306 921 3400 indulgentiis
947 3306 1125 3400 sacrisque
1141 3307 1302 3400 Reliquiis
1322 3310 1528 3404 praeposita,

269 3419 413 3494 instante
429 3420 469 3493 lt.
487 3421 523 3492 P.
541 3421 701 3494 Bennone
716 3421 821 3494 Lubet
846 3421 941 3494 liberi
958 3427 992 3496 et
1011 3422 1160 3516 exempti
1184 3423 1376 3496 llouasterii
1401 3423 1529 3498 Brzeu·

268 3531 439 3604 nonensis
455 3530 595 3616 Abbate,
613 3531 810 3606 Walsthadii
826 3534 1018 3626 Praeposito
1035 3534 1141 3626 ltegni
1157 3533 1356 3607 Bobaemiae
1372 3535 1528 3612 Praelato

268 3641 416 3730 infulato,
443 3662 482 3717 ac
506 3642 641 3718 Ordinis
667 3645 701 3717 S.
728 3643 896 3718 Benedicti
922 3663 983 3740 per
999 3644 1153 3719 eamdem
1179 3645 1393 3720 Bobaemiam
1417 3648 1530 3722 blora·

268 3757 357 3829 viam
383 3762 416 3830 et
448 3755 600 3830 Silesiam
623 3756 799 3830 visitatore
823 3763 987 3850 perpetuo
1012 3757 1277 3851 suprascriptum
1302 3756 1530 3850 indulgentia

267 3887 346 3943 rum
362 3869 589 3944 summarium
606 3889 683 3943 cum
700 3869 771 3942 suis
787 3870 983 3962 respectivis
1009 3869 1285 3944 declarationibus
1306 3888 1531 3964 quocumque

268 3980 425 4058 idiomate
450 3982 484 4058 in
509 3983 591 4059 locis
619 3983 794 4075 quibusvis
819 3982 995 4056 Catholicis
1021 3983 1167 4076 imprimi
1196 3999 1296 4076 posse
1322 3983 1463 4057 censuit
1483 3985 1531 4058 Et

267 4093 353 4168 lacta
378 4095 421 4170 do
445 4096 623 4190 praedictis
648 4097 805 4172 omnibus
831 4104 865 4171 et
889 4097 1030 4189 singulis
1046 4097 1111 4170 suh
1129 4095 1183 4170 die
1209 4101 1251 4168 tl
1281 4096 1403 4190 Aprilis
1426 4101 1529 4170 lita

266 4223 328 4300 por
353 4225 409 4283 me
433 4208 661 4305 subscriptum
677 4209 900 4284 secretarium
916 4210 1133 4285 sanctissimo
1157 4208 1300 4284 Domino
1324 4207 1446 4284 Nostro
1461 4210 1531 4288 Be·
