3134 4918
563 389 608 406 -
637 357 702 428 act
732 389 779 406 -

96 513 191 572 numer
210 496 260 572 sin
284 515 344 570 ore
367 495 468 572 corde
495 497 614 574 seiten
644 495 874 573 invocantibus
900 495 1080 578 clementer
1112 491 1288 580 euenit

96 615 120 682 ot
143 615 259 691 ectum
298 613 472 703 praetereo
504 609 635 687 dierum
664 609 908 702 indulgentiam
926 603 973 682 'in
1005 607 1200 700 suffragium
1232 604 1292 683 de-

94 721 247 798 inpurum
280 724 403 818 pariter
435 723 665 816 applicabilem
690 723 847 815 elargitus
872 729 925 798 est
948 741 968 795 a
993 721 1164 801 eominus
1194 719 1293 804 wilci

93 833 266 922 iucundum,
294 837 426 930 quoties
451 855 565 930 opere,
591 843 648 910 aut
669 837 730 910 alie
748 839 867 928 quevis
892 836 1020 912 rationo
1044 835 1138 928 pium
1161 832 1295 914 institu-

93 953 144 1022 tum
164 958 337 1044 perpetuae
363 949 565 1024 adorationis
590 949 788 1042 adjuverint.
814 950 993 1027 litantem
1018 947 1201 1042 intelligunt
1216 961 1293 1026 coc·

90 1059 159 1134 luds
186 1064 349 1142 colmiae
366 1063 541 1138 thmauros
558 1081 626 1136 non
643 1070 815 1154 quaestus,
833 1069 891 1136 aut
916 1061 1054 1153 alicujus
1079 1059 1162 1136 lucri
1182 1075 1294 1144 causo.

91 1173 331 1268 scriptitarent
355 1175 522 1252 charitatis
540 1174 749 1252 exercendae
772 1177 877 1267 gratio
903 1193 946 1250 er
962 1173 1172 1266 Apostoiioae
1197 1169 1294 1252 Scilla

90 1283 261 1378 ierignitate
287 1287 565 1362 christifidelibus
591 1288 831 1380 aperirijniret
854 1287 1018 1363 Sanctitas
1042 1288 1110 1362 Sua
1134 1293 1172 1362 ut
1194 1284 1294 1364 colic-

90 1404 143 1471 ctae
163 1401 381 1476 eleemosinae
405 1400 540 1475 arbitrio
565 1400 830 1480 Eminentissimi
848 1399 1012 1474 Ordinarii
1028 1398 1170 1476 fideliter
1190 1413 1294 1490 erpo·

89 1519 194 1596 matur,
218 1522 251 1587 et
275 1514 311 1588 in
336 1513 440 1590 linem
466 1511 617 1606 eiusdem
634 1512 775 1590 instituti
792 1511 1023 1598 conservandi,
1049 1511 1093 1590 (le
1117 1511 1191 1604 ejus
1210 1510 1294 1586 Son·

88 1625 167 1702 tentia
195 1631 373 1720 erogentur
403 1625 446 1705 ud
474 1626 616 1701 iormam
650 1626 902 1702 constitutionis
934 1645 982 1701 sa.
1015 1643 1082 1700 mo.
1114 1621 1295 1702 Clementis

90 1733 135 1810 ll.
156 1738 222 1819 Vlll
246 1739 315 1814 suh
339 1737 455 1814 datum
480 1739 606 1813 liomao
631 1738 721 1832 apud
738 1739 772 1811 S.
790 1740 926 1816 Petrum
951 1739 1016 1814 sub
1042 1737 1166 1814 annulo
1185 1735 1295 1814 Pisces

88 1849 150 1924 lu'u
162 1849 213 1926 de
230 1857 250 1924 7
268 1852 466 1927 moenere
485 1856 578 1925 illiti
597 1853 693 1947 cuius
719 1851 849 1926 initium
882 1854 1188 1944 «occccumpacc
1211 1845 1297 1929 &dt

88 1961 288 2054 Apostolicc»
326 1981 365 2038 ac
390 1964 530 2038 seruatis
547 1965 583 2038 in
599 1963 738 2056 reliquis
763 1963 896 2058 dejure
919 1964 1104 2040 servandis.
1129 1959 1300 2040 Praeseui'

88 2071 359 2170 adreptemnium
384 2075 527 2150 valituro
553 2074 683 2167 absque
706 2075 774 2148 ulia
797 2075 910 2150 brevis
935 2073 1159 2168 expeditione.

143 2187 256 2274 Dolum
281 2189 410 2265 lionae
434 2207 478 2262 err
504 2188 629 2266 Seorct
656 2188 730 2264 Sao.
756 2187 1029 2281 congregauonis
1052 2186 1182 2280 induig.

675 2300 712 2375 G.
739 2300 843 2376 (inan
870 2300 1088 2374 cormeum
1112 2300 1235 2376 umor.

758 2415 802 2488 ll.
831 2413 987 2490 dionosti
1012 2413 1135 2492 Sedet.

590 2611 774 2686 CDLXVII.

470 2749 734 2799 idididiiciiiiis
754 2749 895 2800 muscidi

268 2871 371 2922 rucco
387 2855 518 2921 cdiii
542 2855 806 2923 accederint
827 2855 1009 2924 oniztdtii
1028 2873 1096 2934 pro

464 2965 568 3030 Noun
587 2965 734 3032 Editionir
753 2966 903 3032 amnon

143 3087 302 3164 Caelestis
326 3088 614 3182 indulgentiarum
638 3091 786 3166 thesauri
811 3091 1014 3185 dispensatio
1038 3091 1151 3184 magui
1166 3061 1301 3184 sempor

84 3180 184 3266 tuitio
210 3189 361 3264 Ecclesia
387 3191 561 3275 momenti,
587 3196 626 3266 ct
653 3189 929 3286 disistifidellaro
945 3190 1078 3274 deuotio
1104 3193 1300 3283 aspector,

83 3294 150 3386 ides
171 3300 425 3396 splendesceret,
453 3321 528 3398 spes
545 3303 686 3396 ciperet,
713 3309 745 3376 ci
770 3301 923 3386 ciconias
938 3301 1150 3406 cclcccolcr
1173 3302 1301 3386 idcell-

83 3419 180 3490 uoci.
198 3416 311 3492 Sacris
336 3415 478 3510 proinde
495 3415 726 3509 indulgentiis,
744 3417 852 3490 varias
869 3417 1050 3512 pluresque
1066 3415 1241 3502 orationes,
1262 3431 1302 3488 ac

81 3522 126 3614 pia
148 3545 247 3624 opera
272 3529 402 3607 Summi
428 3530 570 3604 Romani
596 3529 774 3604 Pontifices
800 3529 904 3604 ditare
930 3530 1028 3604 omni
1054 3536 1204 3623 tempore
1228 3533 1299 3602 stu·

83 3633 222 3726 dcerunt
248 3640 311 3714 sed
336 3642 513 3734 aliquando
540 3643 643 3715 immo
669 3642 769 3716 etiam
795 3661 896 3736 saepe
922 3643 1056 3718 evenire
1081 3642 1166 3716 solet
1190 3647 1228 3714 ut
1245 3640 1300 3712 ln·

83 3745 256 3839 dulgentiae
281 3753 385 3846 ipsae,
413 3773 562 3846 puerum
587 3773 666 3827 usco
694 3753 888 3828 Cllrr'stiono
914 3756 1046 3848 Populo
1075 3753 1228 3828 maxime
1252 3755 1301 3826 cst

83 3863 318 3938 muraneum
335 3867 515 3952 lucrentur,
534 3867 585 3942 vei
603 3868 682 3959 quia
699 3886 815 3942 earum
840 3869 1074 3942 concessiones
1096 3867 1299 3958 ignorantur,

82 3975 126 4048 rel
148 3979 226 4072 quia
251 3977 376 4054 adeas
402 3979 633 4071 acquirendas,
651 3999 738 4072 quae
761 3979 1046 4056 indiscriminatim
1072 3980 1107 4056 in
1131 3977 1300 4059 modullis

83 4092 250 4180 opusculis,
276 4097 334 4166 aut
357 4092 530 4184 impressis
555 4093 640 4166 loliis
666 4093 886 4186 reperiuntur,
912 4112 976 4168 nec
1000 4091 1151 4184 singulae
1174 4109 1237 4166 neo
1253 4089 1301 4164 in·

83 4203 181 4292 legree
197 4203 423 4300 praescriptae
442 4204 670 4280 condictiones
687 4205 904 4282 declarantur.
938 4205 1163 4294 Quamobrem
1179 4221 1301 4298 oppon

83 4314 202 4400 lunum,
228 4335 269 4394 ac
292 4317 522 4396 necessarium
546 4317 743 4412 jamdudum
769 4318 953 4404 ridebatur,
977 4324 1015 4396 ul
1037 4316 1303 4411 quamplurimae
