3134 4918
579 409 798 479 —375-

148 539 196 615 l.⁰
221 545 378 618 neasror
403 547 433 618 et
458 545 639 620 abominor
660 548 777 621 omnia
802 551 833 621 et
859 547 995 641 annoto
1015 549 1163 642 peccota
1177 552 1305 624 nnott

89 655 188 728 mnia
213 657 366 731 alionum
392 660 571 732 commnso
596 659 641 732 ab
666 661 765 734 initio
790 659 912 734 mnndi
935 677 1042 753 usaue
1065 661 1103 734 in
1127 657 1218 734 banc
1243 659 1303 734 bo·

88 785 164 852 ram,
193 774 226 842 ct
252 769 408 864 deinceps
439 790 545 864 usone
571 772 619 845 ad
647 773 749 867 {inan
778 771 899 848 mnndi
931 771 1193 856 committenda,
1220 769 1307 848 etri

84 897 199 970 ponem
225 893 269 954 ea
294 882 495 976 impedirem
516 903 582 978 por
607 885 761 978 qratiam
782 887 856 968 Dei,
877 903 981 978 onom
1006 885 1151 980 snpptca
1174 885 1307 960 invoco.

143 992 194 1065 2⁰
220 989 346 1068 Laudo
372 1000 405 1069 et
429 996 585 1090 approbo
615 997 733 1071 omnia
759 998 850 1072 bono
876 1017 982 1092 opero
1007 1000 1103 1093 tacto
1129 998 1306 1092 aprinci-

83 1103 274 1196 plumandi
299 1125 404 1200 asom
429 1109 466 1181 in
492 1107 581 1182 banc
608 1107 743 1191 boram,
770 1113 803 1184 et
828 1104 983 1204 deinceps
1007 1128 1113 1204 usqne
1136 1111 1174 1182 in
1204 1109 1307 1204 tinem

86 1216 190 1290 nundi
213 1218 387 1312 sonando,
415 1224 448 1292 et
472 1222 501 1292 si
523 1237 676 1314 possen,
703 1240 745 1296 ca
769 1222 1036 1316 multiplicarem
1056 1236 1123 1314 per
1154 1215 1309 1314 aratiam

85 1327 134 1401 ilci
157 1347 266 1422 annm
292 1332 436 1424 snpptca
461 1333 591 1406 innoco.

143 1441 193 1513 3.⁰
218 1445 362 1534 Ipnosco
388 1449 421 1517 ct
438 1443 572 1518 dimitto
594 1464 638 1518 en
655 1450 726 1518 toto
744 1445 847 1518 corde
864 1443 1019 1519 omnibns
1044 1444 1191 1519 inimicis
1209 1445 1305 1528 meis,
1435 1505 1440 1512 ,

84 1555 224 1627 omnibus
249 1554 336 1628 mibi
361 1556 635 1641 detrahentibus,
663 1559 818 1632 omnibns
849 1563 1060 1651 quocumque
1090 1556 1194 1633 modo
1218 1555 1306 1632 milri

83 1667 276 1749 nocentibus,
302 1670 357 1742 oei
380 1670 569 1743 colentibus
593 1669 680 1742 mibi
704 1672 811 1744 moia.

144 1778 193 1850 l.⁰
223 1780 361 1852 Utinam
388 1800 502 1856 omnes
535 1780 686 1856 nomines
711 1784 848 1857 salvaro
874 1801 1009 1876 possem
1038 1781 1215 1856 moriendo
1235 1800 1304 1876 pro

83 1889 232 1982 moniis!
266 1893 408 1967 libenter
432 1893 471 1967 id
494 1894 643 1987 {merem
671 1915 737 1988 per
761 1897 915 1988 aratiam
940 1897 1005 1970 ilci
1030 1913 1135 1988 qnam
1162 1896 1308 1996 scrpplca

82 2001 200 2086 incoco,
228 2010 262 2078 ct
287 2006 357 2079 sine
384 2025 454 2100 qno
477 2006 565 2081 nibil
585 2025 736 2101 possam.

145 2116 194 2189 b.⁰
219 2118 364 2192 intendo
389 2120 515 2213 soemo,
542 2119 665 2203 dicere,
693 2126 725 2195 et
750 2123 903 2214 copitare
923 2121 1041 2193 omnia
1066 2119 1117 2194 ad
1139 2121 1308 2210 rumorem

84 2227 140 2300 ilci
161 2229 312 2321 pieriam
329 2249 406 2303 cnm
431 2233 587 2306 omnibns
604 2233 673 2306 iilis
690 2233 785 2307 bonis
802 2231 1054 2314 intentionibus,
1080 2250 1167 2324 qaas
1188 2231 1307 2308 Sancti

82 2355 224 2433 nomam
251 2339 400 2418 bubncre
424 2345 478 2420 oei
504 2343 686 2428 nabebunt,
712 2346 766 2420 vei
791 2343 918 2421 babere
940 2347 1091 2440 possunt.

615 2529 750 2616 cbllll

641 2687 735 2742 nnnrs

144 2788 246 2863 Decet
270 2789 458 2865 Romanurn
483 2791 677 2867 Pontificem
696 2793 816 2867 Sacrae
833 2791 1013 2889 Religionis
1030 2793 1234 2889 supremum
1251 2807 1304 2868 as
1415 2881 1420 2890 ,

83 2905 244 2986 acorem,
271 2920 310 2976 ea
335 2923 422 2995 quae
447 2923 509 2998 pro
525 2905 748 2979 Ecclesiarnm
767 2911 800 2979 et
816 2905 1088 2982 christifidelium
1104 2905 1140 2980 in
1156 2905 1220 2979 illia
1237 2907 1306 2980 sin

84 3007 130 3083 llio
144 3014 274 3106 pietatis
290 3016 478 3089 vacantium
495 3017 655 3110 proiectu,
674 3017 908 3092 commoditate
925 3037 964 3092 aa
979 3017 1141 3114 spirituali
1157 3011 1306 3092 consola-

84 3122 161 3198 tione
173 3145 235 3219 per
247 3126 345 3201 Sedis
358 3128 568 3222 spostolicae
586 3129 829 3222 providentiam
850 3131 1126 3224 circumspectam
1147 3145 1307 3204 concessa

83 3245 148 3310 sunt
171 3241 379 3314 extensionis
405 3261 544 3316 munere
570 3243 738 3336 ampliare,
765 3244 932 3336 siquidem
958 3243 1096 3317 actonis
1113 3241 1304 3338 Praefectus

84 3343 346 3444 Presbyterornnr
372 3353 519 3446 collegit,
533 3373 597 3429 seu
615 3355 755 3430 Oratorii
771 3357 930 3430 Nocturni
951 3355 1110 3430 canonice
1127 3353 1228 3429 erecti
1245 3371 1306 3449 per

86 3455 210 3538 tltnras
236 3465 443 3558 Apostolions
469 3468 590 3542 Leonis
615 3469 676 3541 xli
701 3469 754 3543 iel.
780 3489 848 3544 reo.
873 3467 939 3544 snb
959 3469 1074 3543 datum
1091 3467 1157 3542 diel
1178 3463 1220 3540 ll
1242 3463 1305 3556 Fe·

85 3569 195 3650 brunsii
224 3583 318 3650 lstb
345 3579 380 3652 in
405 3579 553 3654 Ecclesia
578 3582 611 3654 S.
637 3582 760 3657 llariae
785 3579 828 3656 de
853 3581 938 3656 Pace
961 3580 1129 3656 humiliter
1149 3579 1305 3674 exposuit

87 3687 277 3775 nondictum
303 3691 491 3766 oratorium
518 3681 587 3768 non
611 3695 720 3766 solnrn
738 3695 877 3768 aliorum
894 3695 1041 3788 primum
1059 3711 1146 3787 quae
1163 3691 1196 3765 in
1213 3685 1304 3766 urbe

88 3805 185 3876 exiam
207 3823 271 3896 per
296 3804 432 3878 easdem
457 3801 597 3880 Litteras
623 3805 748 3880 dictum
774 3813 807 3881 et
831 3808 1051 3892 nominatum,
1069 3791 1304 3879 verumetiam

88 3907 164 4002 ipsos
176 3915 312 4009 collegii
325 3937 388 3991 seu
404 3917 545 3992 oratorii
562 3919 941 4012 Presbyteroslacnltate
954 3919 1100 3993 munitos
1114 3917 1175 3990 alia
1190 3913 1305 4009 notos

89 4025 164 4099 nodi
187 4027 337 4102 oratoria
362 4031 397 4102 in
429 4027 510 4104 illud
539 4031 739 4124 cooptandi;
765 4033 850 4106 llinc
879 4031 1117 4107 sanctissimos
1141 4027 1304 4104 Dominus

88 4131 189 4212 Noster
213 4141 293 4216 Pins
317 4143 380 4216 PP.
405 4141 478 4216 Vlll
503 4144 650 4238 praelato
672 4145 813 4218 oratorii
839 4145 1008 4219 Praefecto
1041 4161 1104 4217 nea
1132 4158 1202 4216 non
1230 4139 1302 4216 suls

89 4249 173 4325 eliam
195 4255 454 4329 suecessoribus
479 4274 541 4349 pro
567 4265 717 4349 tempore
741 4257 962 4330 existentibus
992 4243 1104 4330 omnia
1121 4249 1154 4328 at
1173 4253 1305 4346 singula

89 4357 262 4460 indagia,
288 4365 436 4454 indulta,
462 4366 705 4463 indulgentias,
732 4375 765 4443 et
790 4369 919 4444 Gratias
944 4367 1132 4466 spirituales
1156 4365 1191 4440 ln
1208 4363 1306 4440 Sunn-
