3182 4922
610 371 828 438 -ata-

105 507 304 600 dulgentiam
335 489 521 579 Plenariam
546 524 565 577 a
591 506 707 599 primis
740 506 891 599 vesperis
920 523 1029 597 usque
1054 505 1097 579 ad
1122 511 1227 580 totum
1253 510 1334 582 octi-

104 619 201 693 duum
228 619 303 692 testi
329 617 481 710 ejusdem
499 619 534 688 S.
552 619 744 710 Hieronymi
763 616 818 690 die
836 618 995 710 vigesima
1019 617 1096 692 lulii
1121 617 1265 703 incidcn,
1283 639 1337 694 se·

102 733 161 804 mel
178 737 307 804 tantum
332 730 439 822 spatio
464 728 709 821 praedictorum
727 729 857 802 dicrum
875 730 917 802 ab
935 748 1142 822 unoquoque
1159 732 1334 822 acquiren-

102 843 184 925 dam,
211 840 396 914 dummodo
422 859 461 912 ea
487 840 541 914 die
567 859 645 913 vero
662 842 872 934 poenitentes
897 841 1053 925 confessi,
1071 860 1110 915 ac
1127 843 1162 914 S.
1181 842 1337 916 Commu·
1407 907 1417 925 ,

4 989 5 1050 j
101 957 196 1028 uione
222 954 353 1036 relecti,
380 953 524 1044 aliquam
550 953 732 1026 Ecclesiam
758 973 820 1026 scu
845 954 1016 1046 publicum
1043 955 1230 1027 oratorium
1258 957 1337 1028 visi·

4 1065 5 1074 '
100 1068 248 1151 laverint,
282 1067 395 1157 ibique
428 1084 488 1158 per
520 1065 656 1156 aliquod
687 1066 849 1158 temporis
881 1067 1027 1158 spatium
1057 1069 1154 1159 juxta
1187 1075 1335 1142 mentem

100 1179 285 1253 sanctitatis
310 1179 397 1250 Suae
421 1179 495 1270 pias
521 1175 564 1250 ad
587 1178 697 1250 Deum
730 1197 847 1270 preces
872 1178 1051 1252 eliuderinl
1074 1179 1109 1252 in
1134 1187 1337 1272 perpetuum

98 1291 216 1365 lucrari
242 1291 372 1384 possint
397 1295 430 1363 et
456 1290 596 1375 valeant,
623 1308 701 1363 cum
726 1290 878 1363 tacultate
904 1308 1041 1382 quoquc
1057 1298 1125 1363 tam
1151 1291 1336 1376 Partialem,

98 1423 197 1497 quam
214 1404 400 1478 Plenariam
416 1401 659 1495 indulgentiam
677 1403 853 1476 animabus
871 1404 1093 1495 piacularibus
1119 1403 1264 1476 flammis
1281 1404 1338 1477 ad·

99 1517 192 1591 dictis
218 1514 416 1608 applicandi.
433 1515 508 1588 Non
525 1514 734 1588 obstantibus
760 1515 795 1586 io
820 1516 1021 1588 contrarium
1042 1513 1239 1588 iacientibus
1265 1516 1337 1606 qni·

98 1629 320 1720 buscumque.
347 1628 516 1700 Praesenti
543 1627 683 1700 valituro
709 1628 839 1719 absque
866 1628 930 1700 ulla
946 1629 1061 1702 Brevis
1087 1629 1310 1721 expeditione.

168 1742 292 1813 Datum
317 1740 444 1812 Romae
470 1757 513 1812 eu
539 1739 722 1811 secretaria
752 1740 825 1813 Sec.
859 1739 1131 1833 congregauonis
1156 1739 1335 1832 Indulgen-

96 1853 217 1928 tiarum
243 1851 298 1926 die
325 1857 371 1924 29
397 1851 595 1926 Novembris
624 1857 729 1925 l853.

783 1965 819 2037 F.
847 1965 949 2038 Canu.
977 1966 1150 2049 bsounnus
1175 1966 1297 2042 Peter.

847 2079 886 2148 Α.
917 2078 1078 2151 Columbo
1106 2081 1228 2152 sacret.

595 2271 831 2346 ccxxxvllt.

578 2417 671 2470 uams
696 2419 737 2470 er
762 2417 855 2470 onnus

167 2509 393 2584 Plurimcrum
418 2509 595 2602 utriusque
620 2510 706 2583 Cleri
736 2510 952 2584 sacerdotum
977 2527 1094 2603 preces
1119 2510 1336 2584 sanctissimo

91 2622 239 2695 Domino
264 2622 384 2694 Nostro
410 2622 472 2694 PP.
490 2622 548 2695 Pio
565 2623 611 2694 lx
626 2622 762 2697 luerunt
786 2623 924 2707 deleme,
942 2628 980 2694 ut
996 2621 1039 2695 de
1054 2620 1244 2715 Apostolica
1268 2624 1336 2697 Sua

90 2733 298 2825 benignitate
323 2749 515 2826 prorogare,
541 2740 575 2806 et
599 2742 766 2826 quatenus
792 2735 879 2828 opus
905 2741 1005 2820 esset,
1032 2733 1075 2808 dc
1100 2751 1188 2808 novo
1214 2752 1334 2809 conce·

91 2845 174 2920 dere
199 2845 393 2937 dignaretur
417 2845 653 2938 indulgentias,
671 2866 760 2939 quae
777 2865 958 2921 concessae
982 2847 1138 2920 dicuntur
1154 2848 1206 2932 iis,
1225 2849 1283 2940 qui
1300 2849 1335 2921 in

89 2958 258 3032 bonorem
274 2957 480 3030 Sanclissimi
496 2958 724 3031 Eucharistiae
741 2960 950 3032 sacramenti
966 2959 1107 3032 recitant
1127 2959 1335 3052 supradictas

89 3071 166 3164 pias
191 3069 419 3143 invocationes
444 3071 596 3142 «Animo
625 3069 749 3144 curisti
776 3076 863 3144 cte.»
888 3089 906 3141 a
932 3070 965 3141 S.
993 3069 1120 3160 lgnatio
1140 3069 1183 3142 de
1199 3071 1333 3162 Loyota,

89 3185 140 3257 nti
167 3183 337 3266 asseritur,
364 3182 472 3275 primo
498 3183 660 3257 recitatas.
679 3183 764 3256 Cum
781 3201 861 3256 vero
882 3181 925 3256 de
942 3181 1135 3272 hujusmodl
1159 3180 1335 3273 Indulgen-

90 3296 146 3368 tiis
173 3295 304 3368 nullum
321 3300 413 3367 extet
437 3301 564 3368 certum
583 3294 832 3376 documentum,
860 3311 899 3365 ac
912 3291 1065 3365 diversis
1081 3291 1117 3363 in
1133 3291 1267 3364 Libcllis
1284 3293 1333 3365 di·

88 3425 212 3482 versae
237 3413 432 3480 asseruntur
456 3407 683 3500 indulgentiae
700 3426 761 3500 pro
778 3407 861 3498 ipsis
878 3404 1143 3477 invocationibus
1167 3403 1333 3494 elargitae,

88 3520 258 3593 Sanctitas
284 3521 351 3592 Sua
375 3519 531 3612 praelatis
561 3520 718 3611 precibus
749 3517 1007 3592 clementissime
1040 3517 1208 3609 exceptis,
1234 3534 1274 3588 ac
1298 3522 1335 3589 ut

89 3631 202 3724 magis
226 3632 262 3703 in
287 3630 360 3704 dies
385 3648 464 3722 arga
490 3627 556 3704 tam
582 3630 781 3704 Venerabile
811 3631 1063 3702 Sacramentum
1088 3628 1164 3722 piae
1190 3627 1336 3700 devotio

87 3746 146 3819 nis
172 3743 311 3817 allectus
337 3744 371 3816 iu
396 3743 545 3817 bdelium
572 3742 729 3816 cordibus
753 3749 924 3835 augeatur,
941 3749 1096 3814 revocata
1121 3757 1334 3832 quacumque

88 3856 309 3952 praecedenti
333 3855 560 3939 concessione,
592 3855 737 3947 benigue
769 3853 916 3939 indulsit,
947 3860 984 3927 ut
1009 3871 1128 3926 omnes
1160 3839 1334 3943 utriusque

89 3987 199 4044 sexus
225 3967 476 4050 Gbristilldetes,
502 3970 562 4059 qui
586 3966 686 4041 corde
712 3967 829 4041 saltem
854 3965 1007 4050 contrito,
1034 3983 1072 4037 ac
1098 3963 1218 4037 devoto
1238 3982 1334 4055 prae·

87 4088 297 4156 memoratas
322 4079 548 4152 invocationes
565 4078 785 4162 recitaverint,
803 4083 989 4152 tercentum
1008 4076 1139 4149 dierum
1155 4075 1334 4168 indulgen·

89 4195 173 4267 tiam
199 4211 263 4288 pro
281 4192 429 4285 qualibet
442 4191 633 4264 recitatione
650 4190 769 4264 lucrari
788 4189 935 4276 valeant;
961 4207 1000 4262 ac
1024 4186 1267 4279 Indulgentiam
1284 4206 1335 4262 se

88 4311 186 4400 ptem
211 4311 343 4380 tantum
369 4321 534 4378 annorum
559 4321 626 4376 uua
652 4301 823 4376 dumtaxat
849 4299 921 4374 vice
946 4299 980 4374 iu
1006 4299 1061 4376 dic
1086 4298 1332 4392 acquirendam,

220 4421 265 4488 35
