3182 4922
575 377 794 443 -tlttt-

80 511 214 579 menum
238 507 427 581 sanctitatis
452 510 540 582 Suae
565 511 638 604 pias
663 513 706 586 ad
732 514 838 586 Deum
866 527 983 605 preces
1008 509 1195 597 effuderint,
1230 515 1303 605 pori

80 613 267 709 benignitate
292 621 467 694 concessit.
502 623 666 696 Porreotis
695 623 831 697 tandem
857 623 900 695 ad
925 623 1061 695 Sacram
1093 623 1181 696 banc
1213 623 1301 698 Con·

80 731 290 820 gregulooeu
317 732 510 806 humillimis
527 735 613 808 votis
638 755 658 806 a
683 733 937 828 quampluribus
955 734 1194 820 Ecclesiasticis
1211 737 1301 820 uiris,

79 841 301 935 nobilibusque
326 845 454 918 civibus
479 846 514 917 in
539 847 603 920 bac
635 848 720 920 almo
748 847 836 922 Urbe
869 846 1070 940 degentibus
1096 867 1157 941 pro
1188 855 1304 922 cuten-

78 953 157 1027 sione
181 954 226 1026 ad
250 963 401 1030 coeteros
427 958 666 1033 christifideles
691 961 873 1052 superioris
906 961 1051 1044 Decrett,
1085 961 1237 1052 laetoque
1262 960 1305 1032 de

77 1063 120 1136 bis
141 1068 298 1140 omnibus
324 1088 385 1161 per
410 1089 465 1145 me
490 1071 736 1166 infrascriptum
761 1073 986 1147 secretarium
1014 1071 1124 1145 eidem
1159 1073 1304 1144 Sanctis·
1381 1161 1388 1174 Ι

77 1177 150 1250 simo
172 1179 317 1252 Domino
341 1181 461 1256 Nostro
486 1184 656 1269 relatione,
688 1183 851 1258 Sanctitas
878 1185 946 1257 Sua
972 1183 1159 1276 praedictas
1192 1182 1304 1256 ludul-

78 1289 191 1378 geotias
219 1291 261 1363 ad
287 1293 462 1368 universos
488 1295 646 1369 Catholici
680 1296 778 1369 Orbis
811 1295 1052 1369 Gbristitldeles
1078 1313 1155 1368 cum
1187 1293 1305 1366 iisdem

77 1399 310 1478 conditionibus
335 1424 380 1479 ex
404 1407 594 1500 Apostolioa
627 1407 830 1481 Auctoritate
856 1407 1023 1492 extendit,
1060 1415 1093 1481 et
1118 1408 1153 1479 in
1185 1423 1304 1500 perpe·

78 1518 156 1585 tuum
184 1515 394 1590 confirmavit
419 1519 548 1611 absque
573 1519 639 1592 ulta
664 1519 779 1592 Breuis
809 1517 1032 1612 expeditione.

138 1627 258 1700 Datum
284 1630 410 1703 Romae
435 1635 479 1704 erl
496 1631 570 1704 Sec.
589 1631 741 1724 ejusdem
768 1633 803 1705 S.
829 1631 1102 1723 congregauonis
1127 1629 1304 1721 indulgen·

78 1737 184 1812 tiorum
209 1739 264 1816 die
294 1747 333 1815 ll
364 1743 558 1818 Decembris
587 1749 691 1818 isso.

765 1858 804 1930 G.
832 1856 935 1931 Cano.
963 1857 1128 1930 annnmr
1153 1859 1275 1930 Palus.

867 1971 898 2042 ’1.
928 1971 1028 2044 Gallo
1056 1972 1178 2045 Secret.

611 2163 754 2230 oenum

170 2297 232 2346 orvr
255 2297 406 2346 suesanus
428 2298 576 2348 oocroots
597 2300 636 2348 ro
658 2299 855 2350 nutrisstulu
876 2299 1025 2348 nerrnnsu
1047 2297 1193 2349 vinorusu

141 2409 345 2491 Memorare,
372 2429 392 2481 o
418 2409 577 2484 Piissimu
613 2410 712 2502 Virgo
738 2410 875 2491 Morio,
901 2427 971 2482 nou
1002 2427 1069 2482 esse
1094 2405 1303 2480 auditumst

75 2523 209 2604 soeculo,
237 2539 464 2615 quemquam,
491 2522 539 2596 od
564 2526 625 2596 tuo
651 2527 843 2598 currentem
864 2522 1063 2616 praesidio,
1092 2527 1153 2594 tua
1177 2521 1301 2613 implo-

77 2637 199 2706 rantem
225 2635 375 2716 ancilia,
402 2639 465 2708 tuo
484 2640 657 2728 petentem
681 2637 869 2729 suffragio,
897 2655 965 2710 esse
992 2635 1200 2710 derelictum.
1231 2633 1305 2724 Ego

78 2745 134 2816 toti
156 2745 330 2819 animatus
356 2745 572 2840 confidentia,
591 2746 640 2820 ud
657 2753 698 2832 te,
720 2749 820 2840 Virgo
843 2749 1030 2841 Virpiuum,
1047 2750 1172 2829 Mater,
1190 2762 1304 2825 curro,

78 2855 120 2926 ud
142 2861 172 2932 te
195 2859 314 2940 ueuio,
348 2878 468 2932 corum
494 2864 525 2934 te
551 2878 685 2954 gemeus
715 2865 879 2954 peccetur
911 2863 1054 2950 ussisto;
1086 2860 1159 2934 uoti
1193 2860 1307 2931 Meter

83 2967 169 3044 Verbi
183 2970 290 3045 uerbo
306 2989 384 3046 meu
402 2971 583 3067 despicere,
610 2971 670 3046 sed
694 2971 779 3048 audi
791 2974 960 3069 propitio,
979 2977 1012 3048 et
1028 2969 1168 3046 excudi.
1186 2969 1305 3043 Amen.

594 3119 790 3244 ouxxxrs

545 3313 638 3368 unsis
664 3315 705 3368 m
732 3314 824 3368 ossis

141 3415 180 3490 lu
204 3417 422 3492 devotissima
438 3419 551 3492 Oratio
569 3421 739 3494 «Obsecro
757 3425 788 3492 te
806 3419 1000 3493 dulcissime
1016 3417 1094 3490 Iesu
1111 3420 1199 3488 etc.»
1219 3431 1307 3505 quoe

81 3523 107 3598 in
129 3531 368 3604 recentioribus
385 3532 527 3605 labellis
544 3534 708 3625 reperitur
725 3535 811 3606 inter
828 3549 946 3625 preces
971 3549 1033 3625 pro
1059 3527 1307 3622 opportunitate

82 3635 253 3716 Sacerdotis
280 3651 368 3729 ante
395 3645 448 3718 rel
473 3652 549 3738 post
578 3647 712 3720 Missam
744 3644 949 3729 recitandas,
976 3660 1133 3735 quaeque
1166 3656 1305 3732 apocry-

80 3749 167 3838 pbsm
195 3753 480 3846 Indulgentiarom
514 3759 766 3832 concessionem
793 3758 895 3832 habet
927 3755 1112 3838 adnexam,
1139 3769 1208 3826 non
1234 3751 1307 3823 sine

81 3863 224 3952 spirituali
251 3867 469 3942 secerdotum
495 3869 734 3942 celebrantium
761 3877 852 3943 certo
878 3870 1105 3942 emolumento
1138 3863 1306 3944 recitetur,

80 3971 178 4060 plures
203 3979 344 4052 Romani
371 3979 458 4054 Cleri
483 3981 681 4054 Sacerdotes
706 4000 767 4073 per
792 3983 879 4054 banc
905 3979 1042 4053 Sacram
1072 3974 1307 4066 congregatio·

80 4099 145 4158 uem
168 4088 398 4182 indulgentiis
425 4093 604 4183 Sacrisque
636 4092 796 4184 Reliquis
829 4091 1055 4185 praepositam
1089 4085 1308 4160 sanctissimo

80 4191 208 4274 bomino
233 4203 356 4276 Nostro
381 4203 441 4276 Pio
466 4205 512 4276 lx
539 4203 689 4276 Pontitici
714 4204 860 4278 Maximo
878 4205 987 4278 enisis
1004 4199 1162 4296 precibus
1186 4196 1339 4294 suppli·-

80 4321 194 4403 caruut,
210 4321 250 4392 ut
269 4317 414 4409 aliquam
441 4317 695 4412 indulgentiam,
721 4317 902 4411 praelatam
930 4317 1121 4393 Orationem
1147 4316 1225 4408 post
1249 4325 1308 4402 pe-
