3164 4926
807 363 1000 432 ...pp-

291 501 420 596 Virgini
446 503 577 588 llariae,
605 501 659 576 vel
681 503 719 574 S.
744 500 924 588 Bernardo,
954 503 1006 574 vel
1031 499 1166 594 utrique
1191 501 1346 586 beatum,
1372 519 1435 596 pro
1454 501 1527 575 ani-

290 634 347 688 nra
372 617 614 708 cujuscunque
640 613 871 688 Christiltdelis
897 615 939 687 ab
966 614 1028 686 bac
1052 615 1127 687 luce
1152 614 1354 688 iubeantne
1379 614 1527 707 mlgran-

290 729 356 813 tis,
396 734 429 801 et
461 727 592 800 lndulto
618 727 797 800 adomnia
830 727 952 800 Altaria
978 727 1012 800 in
1043 726 1219 820 cujuslibet
1250 727 1439 819 Presbyteri
1468 729 1526 801 vel

291 841 431 926 Clerici,
459 847 516 914 aut
545 841 633 914 Laioi
667 841 856 915 llonasterii
890 840 1027 933 praelati
1060 842 1175 924 obitu,
1207 845 1265 913 aut
1289 841 1351 912 alia
1375 839 1429 914 dle
1457 860 1524 934 pro

289 953 410 1039 Missis
437 971 523 1044 uuae
547 955 643 1045 juxta
669 972 785 1026 eorurn
812 952 1070 1026 constitutiones
1086 971 1149 1045 pre
1165 953 1315 1045 ipsorum
1342 953 1450 1024 anima
1468 971 1526 1028 ce-

287 1066 408 1140 lebrari
434 1067 561 1150 solent,
588 1072 688 1159 prout
713 1065 859 1157 gaudent
884 1065 1060 1138 universae
1085 1065 1251 1138 Ecclesiae
1280 1065 1523 1140 nonachorum

288 1176 422 1251 Ordinis
448 1178 677 1252 cisterciensis
703 1196 747 1250 ex
772 1177 934 1250 Breribus
960 1175 1014 1249 die
1041 1182 1061 1247 s
1088 1176 1209 1269 Aprilis
1239 1182 1331 1250 tlte
1359 1177 1524 1264 obtentis,

288 1289 471 1364 dummodo
501 1289 591 1362 idern
617 1291 808 1363 Institutunt
833 1290 1063 1382 profiteantur.
1081 1291 1130 1362 lle
1147 1290 1271 1380 quibus
1287 1289 1371 1362 lacta
1387 1307 1452 1382 per
1464 1310 1526 1366 me

287 1403 532 1496 infrascriptum
560 1402 780 1475 secretarium
808 1403 862 1476 die
891 1407 935 1474 l6
965 1402 1118 1493 eiusdem
1151 1403 1278 1475 mensis
1303 1403 1525 1478 sanctissimo

284 1513 428 1587 Domino
454 1515 624 1598 relatione,
651 1515 814 1588 Sanctitas
841 1516 909 1588 Sua
935 1522 1052 1588 return
1078 1516 1152 1588 sac.
1170 1515 1442 1607 congregationis
1458 1517 1525 1592 be<

285 1625 386 1720 aigne
412 1627 618 1720 approbavit.

833 1740 869 1812 C.
896 1739 999 1814 Canu.
1027 1761 1068 1812 ns
1093 1741 1295 1813 Hranorrrnrs
1321 1740 1441 1814 Parus.

759 1854 800 1926 Α.
827 1855 872 1928 Μ.
900 1853 994 1926 Erba
1018 1855 1112 1927 Pcot.
1139 1853 1351 1947 apostaticus
1377 1855 1504 1930 secret.

822 2050 984 2126 CXXXII.

360 2197 420 2264 lm
444 2194 500 2265 An
526 2193 708 2266 celebratio
735 2191 941 2282 prrotidianu
966 2193 1150 2266 Missurum
1170 2194 1207 2265 in
1233 2192 1396 2265 Breoibns
1421 2193 1523 2266 Alto·

282 2305 373 2377 riunr
394 2305 695 2398 priuilepiatorurn
721 2305 880 2397 apposita
908 2303 1026 2376 dictiue
1053 2304 1174 2377 debeat
1197 2305 1380 2397 verificari,
1402 2305 1440 2376 ui
1456 2303 1524 2377 lau-

275 2416 429 2508 jnnnoali
449 2418 637 2510 priuilepia
663 2417 919 2490 sustineantur?
946 2421 979 2488 et
1005 2422 1171 2507 qnatenus
1196 2417 1373 2507 Neputioe.

357 2533 420 2600 2¹¹¹
447 2531 581 2614 Quanto
609 2534 759 2622 tempore
784 2531 820 2600 in
847 2547 943 2600 auno
966 2529 1124 2600 tollerari
1141 2531 1253 2620 possit
1278 2528 1413 2600 omissio
1431 2547 1520 2618 quo·

283 2641 438 2715 ticianae
463 2643 708 2724 celebrationis,
735 2659 777 2714 ne
798 2641 1019 2735 priuilepiurn
1045 2641 1252 2713 amittatur?

356 2758 419 2824 35¹1
442 2753 498 2824 An
523 2752 613 2826 dicto
640 2758 809 2846 ternpore,
837 2771 902 2843 pua
929 2753 1052 2826 Missae
1073 2755 1312 2846 praescriptae
1337 2771 1405 2827 non
1431 2757 1520 2828 cele-

283 2867 429 2940 brantur
449 2867 672 2958 priuilepiuna
696 2867 740 2938 sit
764 2866 801 2938 in
826 2885 887 2939 sno
913 2865 1049 2947 robore,
1076 2867 1129 2938 nel
1149 2867 1266 2959 potins
1285 2885 1352 2959 pro
1379 2885 1416 2940 ca
1435 2871 1522 2940 tern-

277 2995 364 3073 pore
389 2997 586 3072 capusum
611 2981 813 3052 remaneat?

353 3091 426 3164 Sao.
452 3090 672 3183 cannaparia
689 3090 755 3164 diei
781 3096 802 3162 9
828 3090 1000 3165 Februarii
1021 3094 1114 3162 itte
1132 3089 1307 3185 respondit
1332 3120 1344 3154 «
1369 3093 1519 3166 Serven-

281 3209 335 3276 tur
359 3203 591 3277 llesolutiones
608 3205 681 3276 Sao.
700 3203 972 3296 congregationis
990 3204 1126 3276 concilii
1142 3205 1178 3276 in
1199 3206 1358 3279 blutinen.
1389 3209 1434 3276 l0
1459 3206 1519 3282 lu·

281 3315 327 3392 nii
356 3321 462 3402 l720,
489 3323 523 3390 et
549 3317 584 3390 iu
609 3317 829 3408 senogallien.
859 3321 903 3388 lti
930 3316 1128 3391 Novembris
1156 3321 1260 3392 liti.

670 3513 675 3522 ’
809 3515 985 3590 CXXXIII.

703 3661 831 3716 ultumis
858 3665 884 3716 S.
912 3659 1085 3716 utnotrttts

352 3764 527 3858 Proposito
543 3765 646 3840 dubio
663 3766 706 3841 ad
721 3767 912 3841 instantiam
929 3766 1155 3841 procuratoris
1181 3767 1353 3842 Generalis
1369 3769 1431 3842 sl.
1449 3770 1514 3844 Or·

279 3877 366 3954 dinis
394 3880 599 3952 Sanctissimi
625 3881 814 3961 salvatoris,
842 3899 904 3953 seu
929 3881 962 3952 S.
990 3881 1145 3972 Birgittae
1168 3881 1205 3954 in
1230 3881 1303 3955 Soc.
1322 3882 1514 3976 conpugn-

278 3992 369 4065 tione
393 3991 610 4084 Indulgentiis
634 3993 811 4083 sacrisque
828 3991 987 4084 Reliquis
1004 3995 1193 4088 praeposita
1219 4023 1231 4057 ι
1255 3996 1310 4067 An
1324 3995 1361 4068 ai
1376 3997 1514 4070 Decreti

279 4103 321 4176 rie
346 4122 415 4176 non
440 4102 699 4178 concedendis
726 4104 878 4188 Carenis,
905 4105 1144 4198 ludulpentioe
1166 4125 1340 4182 concessae
1369 4107 1512 4182 Coronis

281 4217 315 4289 S.
342 4218 512 4310 Birpr'ttae
537 4222 740 4310 nuncupat,
768 4215 881 4289 adbuc
908 4217 1032 4291 durent
1056 4219 1086 4290 si
1112 4217 1224 4293 dictae
1247 4219 1401 4294 Coronae
1417 4239 1511 4294 cam·

280 4328 463 4404 nudentur
488 4330 674 4405 deminuat
699 4329 748 4406 erl
772 4331 1021 4407 enumerandos
1047 4334 1197 4408 calculos
1229 4351 1287 4406 sen
1312 4332 1361 4407 art
1385 4335 1511 4408 recita·
