3130 4920
800 357 1018 422 -292—

367 490 495 564 Porcii
514 494 577 585 poi
602 493 640 564 to
659 494 724 584 pic
751 492 876 566 numne
900 491 931 564 si
957 493 1126 584 papatui,
1153 493 1172 565 i
1195 490 1377 566 necmmric
1401 492 1500 566 otoo

295 608 347 679 tro
373 623 518 696 persone
551 605 716 677 ossocictc
736 604 797 696 pei
819 603 886 698 fine
918 601 1116 696 soprodctto
1142 603 1173 676 si
1198 621 1381 678 mocorono
1407 604 1501 678 cium

296 716 505 790 conrnune
522 735 545 790 o
562 735 663 808 senno
689 715 831 789 d'esccrc
846 713 1042 809 insonante,
1060 713 1263 807 nuond'uno
1278 714 1314 788 ot
1330 734 1394 790 csse
1408 733 1502 808 cauo

294 849 318 902 n
334 847 509 910 memora,
528 827 616 900 code
633 830 664 901 tc
681 827 747 902 due
763 825 824 900 cite
840 833 977 900 rutnoo
1003 829 1095 901 emto
1110 829 1353 921 consonatione
1369 826 1405 900 di
1418 829 1500 919 quot·

295 939 356 1014 cha
381 941 473 1012 ultro
499 940 634 1033 coquito
661 939 710 1014 od
735 940 905 1013 odromdi
935 939 1164 1014 risorciscono
1191 941 1229 1014 lo
1255 938 1392 1034 podda
1414 939 1500 1031 sotto.

293 1051 327 1126 Ε
349 1053 417 1124 cosi
443 1051 664 1144 reuoloudcst
688 1050 725 1124 di
748 1069 853 1124 mono
879 1052 917 1124 in
940 1071 1046 1125 mom
1071 1055 1191 1143 queue
1212 1053 1277 1146 piu
1303 1051 1430 1124 Societd
1447 1067 1501 1143 po

295 1163 353 1236 trd
376 1164 549 1236 suasistcrc
572 1163 680 1258 fincte
706 1163 835 1237 dormo
860 1165 887 1237 il
910 1164 1047 1236 mondo.
1077 1166 1154 1237 Cori
1177 1163 1241 1238 sio.

370 1278 491 1361 Questo
519 1275 727 1350 dioctissimo
753 1278 910 1350 municio
942 1277 1184 1350 incomincioto
1209 1278 1247 1350 iu
1271 1275 1420 1349 Frorucio
1447 1273 1503 1346 cot·

296 1387 318 1462 t'
332 1391 599 1480 opproouaionc,
626 1407 644 1461 c
669 1393 755 1462 sotto
782 1391 831 1481 nti
856 1389 987 1482 auspici
1017 1387 1110 1462 detio
1142 1387 1268 1462 citium
1298 1383 1504 1461 numonodi

294 1501 495 1592 Monsionor
520 1501 557 1572 di
582 1503 775 1574 Beoumont
798 1503 1018 1575 Arcicescoco
1045 1501 1081 1573 di
1106 1502 1240 1594 Porioi,
1268 1501 1402 1575 dedotto
1418 1499 1474 1592 poi
1486 1517 1505 1569 o

295 1613 426 1684 notizia
452 1611 490 1684 di
515 1613 587 1684 Suo
615 1613 752 1685 Sontini
777 1614 794 1685 d
819 1618 909 1686 stato
936 1613 984 1686 do
1009 1615 1094 1686 Esco
1119 1614 1377 1706 omionammta
1400 1629 1505 1704 oppro-

293 1727 386 1804 ooto,
414 1722 457 1794 ed
481 1723 667 1796 orricciuito
695 1723 731 1796 di
758 1727 861 1797 Scuto
894 1723 1101 1818 indutuenzc
1126 1743 1193 1800 con
1215 1743 1278 1800 suo
1303 1727 1439 1800 Dmrcto
1461 1719 1504 1792 dd

295 1839 451 1926 annuento
477 1839 611 1907 tutore:

731 2052 851 2106 URBlS
890 2053 938 2104 ET
976 2052 1096 2106 oncis

368 2171 408 2242 Ut
434 2189 512 2262 erga
538 2171 788 2244 sacrosanctam
806 2171 1017 2245 individuam
1034 2171 1237 2258 trinitatem,
1263 2179 1299 2248 et
1323 2191 1400 2265 erga
1418 2170 1506 2243 lacn

293 2283 462 2355 nationem
488 2284 619 2356 Domini
645 2284 754 2358 Nostri
779 2286 859 2357 Jesn
884 2284 1015 2365 Christi.
1043 2285 1219 2377 praecipua
1245 2285 1430 2360 Catholicae
1443 2278 1505 2354 idei

292 2395 458 2485 Mysteria,
485 2395 671 2487 itidemque
694 2415 771 2488 erga
797 2398 973 2489 Deiparam
989 2397 1160 2489 Virginem
1185 2397 1220 2469 in
1241 2397 1391 2472 fidelium
1407 2391 1506 2468 animis

294 2507 391 2579 attins
417 2505 591 2599 defigatur,
619 2514 652 2582 et
677 2509 844 2582 adolescat
868 2509 903 2581 in
927 2509 1000 2582 dies
1026 2509 1080 2600 pia
1101 2508 1288 2584 deuotionis
1306 2509 1439 2592 adectio,
1453 2506 1507 2576 tn·
1548 2571 1549 2586 s

294 2618 443 2708 dentque
467 2619 648 2691 Dominum
676 2637 794 2692 omnes
820 2627 937 2710 gentes
954 2625 988 2693 et
1004 2637 1122 2693 omnes
1139 2621 1273 2714 populi;
1292 2619 1506 2696 sanctissimus

293 2729 456 2802 Dominus
480 2730 600 2802 Noster
625 2731 704 2803 Pius
730 2733 791 2804 PP.
809 2733 854 2804 Vi
872 2732 980 2804 enixis
996 2733 1233 2806 nonnullorum
1251 2734 1408 2827 precihus
1422 2730 1506 2803 iiben-

292 2840 421 2914 tissime
447 2859 599 2914 annuens
625 2844 780 2916 omnious
807 2851 844 2918 et
865 2844 1004 2937 singuiis
1031 2843 1205 2937 utriusque
1235 2865 1343 2922 sexos
1371 2839 1508 2919 consud-

294 2951 435 3036 delicus,
463 2953 521 3044 qni
547 2953 635 3026 ducti
662 2955 779 3047 spirito
804 2957 951 3028 verinus
976 2962 1010 3029 et
1031 2955 1199 3028 charitatis
1216 2957 1305 3032 nitro
1321 2959 1357 3032 in
1373 2959 1506 3030 Sanctam

294 3063 491 3137 Societatem
506 3068 742 3140 convenientes
759 3068 843 3140 terni
858 3067 900 3141 ad
916 3069 1078 3142 honorem
1097 3068 1336 3145 Sanctissimae
1351 3065 1505 3146 Trinitatis,

294 3181 329 3248 et
344 3175 387 3247 ad
403 3176 583 3266 qnamdam
609 3178 709 3270 hujus
728 3161 883 3282 'Mysterii
907 3179 1201 3273 significationem,
1232 3183 1342 3257 trihus
1367 3173 1506 3254 distinctis

293 3286 360 3361 diei
386 3288 488 3372 horis,
514 3307 637 3382 nempe
663 3289 1228 3386 antemeridianis,pomeridianis,
1253 3279 1295 3367 et¹
1311 3288 1506 3388 uespertinis,

293 3398 604 3492 sivoconjcncnm,
626 3401 698 3475 siue
716 3419 868 3476 seorsum
894 3404 1015 3496 singuli
1042 3404 1166 3497 septies
1193 3405 1317 3480 Gloria
1343 3404 1439 3480 Potn'
1459 3405 1506 3474 oc

294 3517 328 3584 et
352 3511 457 3584 semei
482 3509 682 3604 nauciacum
708 3514 959 3590 Salutationem
983 3513 1084 3588 corde
1109 3515 1227 3588 saltem
1253 3517 1385 3592 contriti
1409 3531 1446 3588 ac
1464 3509 1507 3584 dc·

293 3627 371 3696 vote
395 3622 613 3710 recitaverint,
638 3624 883 3719 indulgentiam
900 3633 1035 3702 centnm
1052 3625 1183 3702 dierum
1208 3627 1359 3720 molinet
1383 3626 1445 3709 dic,
1465 3637 1506 3696 se

293 3740 385 3828 ptem
401 3751 479 3808 vero
491 3753 667 3823 annorum,
681 3736 887 3829 totidemque
900 3735 1189 3832 quadragenarum
1206 3737 1328 3814 debus
1345 3731 1507 3814 Dominicis

294 3845 440 3938 benigno
465 3849 640 3921 concessit.
666 3849 841 3922 Praeterea
865 3849 906 3924 iis
931 3850 1099 3935 omnihus,
1125 3849 1184 3941 qui
1207 3850 1297 3943 piam
1317 3843 1508 3944 nosocomii

296 3957 571 4032 consuetudinem
589 3959 781 4052 hujusmodi
797 3979 916 4056 procos
928 3958 1090 4035 tundendi
1107 3960 1265 4053 quoodo,
1282 3957 1507 4055 indulgentiam

295 4069 480 4142 Pienariam
503 4071 557 4145 his
582 4072 617 4145 in
643 4089 759 4146 mense
784 4074 1032 4167 acquirendam,
1058 4072 1190 4147 duabus
1214 4073 1371 4149 videlicet
1393 4063 1506 4162 ociosi

293 4181 352 4254 het
376 4183 502 4256 mensis
527 4181 645 4259 dicbus
670 4186 851 4261 Dominicis
876 4187 919 4261 ad
943 4187 1115 4262 arbitrium
1135 4185 1305 4279 sinendis,
1331 4185 1372 4262 in
1394 4181 1506 4276 onitu

295 4311 374 4367 vere
398 4295 607 4390 poenitentes
631 4297 792 4384 confessi,
819 4317 858 4375 ac
886 4301 986 4376 Sacra
1018 4297 1264 4376 cummunione
1291 4295 1405 4374 rcimfi
1426 4293 1506 4388 juxta
