<?xml version="1.0" encoding="UTF-8"?>
<!DOCTYPE html PUBLIC "-//W3C//DTD XHTML 1.0 Transitional//EN"
    "http://www.w3.org/TR/xhtml1/DTD/xhtml1-transitional.dtd">
<html xmlns="http://www.w3.org/1999/xhtml" xml:lang="en" lang="en">
 <head>
  <title>
</title>
<meta http-equiv="Content-Type" content="text/html;charset=utf-8" />
  <meta name='ocr-system' content='tesseract 3.04.00' />
  <meta name='ocr-capabilities' content='ocr_page ocr_carea ocr_par ocr_line ocrx_word'/>
</head>
<body>
  <div class='ocr_page' id='page_1' title='image "./resolutionesseu00pringoog_0081.png"; bbox 0 0 3214 4928; ppageno 0'>
   <div class='ocr_carea' id='block_1_1' title="bbox 804 397 997 464">
    <p class='ocr_par' dir='ltr' id='par_1_1' title="bbox 804 397 997 464">
     <span class='ocr_line' id='line_1_1' title="bbox 804 397 997 464; baseline -0.036 -9"><span class='ocrx_word' id='word_1_1' title='bbox 804 397 997 464; x_wconf 48' lang='grc'><strong>*68-</strong></span> 
     </span>
    </p>
   </div>
   <div class='ocr_carea' id='block_1_2' title="bbox 281 530 1518 856">
    <p class='ocr_par' dir='ltr' id='par_1_2' title="bbox 281 530 1518 876">
     <span class='ocr_line' id='line_1_2' title="bbox 282 530 1517 631; baseline -0.008 -20"><span class='ocrx_word' id='word_1_2' title='bbox 282 539 353 611; x_wconf 86' lang='lat' dir='ltr'><strong>sire</strong></span> <span class='ocrx_word' id='word_1_3' title='bbox 377 555 499 631; x_wconf 84' lang='lat' dir='ltr'><strong>parvos</strong></span> <span class='ocrx_word' id='word_1_4' title='bbox 524 535 656 610; x_wconf 89' lang='lat' dir='ltr'><strong>habitus</strong></span> <span class='ocrx_word' id='word_1_5' title='bbox 681 537 716 608; x_wconf 89' lang='lat' dir='ltr'><strong>D.</strong></span> <span class='ocrx_word' id='word_1_6' title='bbox 736 533 882 628; x_wconf 78' lang='lat' dir='ltr'>Virginis</span> <span class='ocrx_word' id='word_1_7' title='bbox 899 535 942 607; x_wconf 91' lang='lat' dir='ltr'><strong>de</strong></span> <span class='ocrx_word' id='word_1_8' title='bbox 959 535 1070 608; x_wconf 87' lang='lat' dir='ltr'><strong>Monte</strong></span> <span class='ocrx_word' id='word_1_9' title='bbox 1096 531 1259 617; x_wconf 82' lang='lat' dir='ltr'><strong>carmelo,</strong></span> <span class='ocrx_word' id='word_1_10' title='bbox 1281 530 1517 603; x_wconf 87' lang='lat' dir='ltr'><strong>nonobstante</strong></span> 
     </span>
     <span class='ocr_line' id='line_1_3' title="bbox 283 643 1518 742; baseline -0.008 -18"><span class='ocrx_word' id='word_1_11' title='bbox 283 650 535 734; x_wconf 88' lang='lat' dir='ltr'><strong>consuetudine,</strong></span> <span class='ocrx_word' id='word_1_12' title='bbox 562 656 595 722; x_wconf 90' lang='lat' dir='ltr'><strong>et</strong></span> <span class='ocrx_word' id='word_1_13' title='bbox 620 649 786 742; x_wconf 85' lang='lat' dir='ltr'><strong>aggregati</strong></span> <span class='ocrx_word' id='word_1_14' title='bbox 811 655 983 724; x_wconf 82' lang='lat' dir='ltr'><strong>recurrant</strong></span> <span class='ocrx_word' id='word_1_15' title='bbox 1009 645 1052 718; x_wconf 82' lang='lat' dir='ltr'><strong>acl</strong></span> <span class='ocrx_word' id='word_1_16' title='bbox 1077 646 1273 738; x_wconf 89' lang='lat' dir='ltr'><strong>Superiores</strong></span> <span class='ocrx_word' id='word_1_17' title='bbox 1295 643 1429 718; x_wconf 88' lang='lat' dir='ltr'><strong>Ordinis</strong></span> <span class='ocrx_word' id='word_1_18' title='bbox 1453 660 1518 736; x_wconf 92' lang='lat' dir='ltr'><strong>pro</strong></span> 
     </span>
     <span class='ocr_line' id='line_1_4' title="bbox 281 763 689 856; baseline -0.002 -21"><span class='ocrx_word' id='word_1_19' title='bbox 281 782 369 836; x_wconf 87' lang='lat' dir='ltr'><strong>nora</strong></span> <span class='ocrx_word' id='word_1_20' title='bbox 395 763 629 856; x_wconf 80' lang='lat' dir='ltr'><strong>aggregatione</strong></span> <span class='ocrx_word' id='word_1_21' title='bbox 655 793 689 834; x_wconf 74' lang='grc' dir='ltr'><strong>ι.</strong></span> 
     </span>
    </p>
   </div>
   <div class='ocr_carea' id='block_1_3' title="bbox 837 958 953 1030">
    <p class='ocr_par' dir='ltr' id='par_1_3' title="bbox 837 958 953 1030">
     <span class='ocr_line' id='line_1_5' title="bbox 837 958 953 1030; baseline 0 0"><span class='ocrx_word' id='word_1_22' title='bbox 837 958 953 1030; x_wconf 81' lang='lat' dir='ltr'><strong>xcttl.</strong></span> 
     </span>
    </p>
   </div>
   <div class='ocr_carea' id='block_1_4' title="bbox 243 1092 1540 2983">
    <p class='ocr_par' dir='ltr' id='par_1_4' title="bbox 243 1092 1540 2758">
     <span class='ocr_line' id='line_1_6' title="bbox 358 1092 1523 1192; baseline -0.008 -19"><span class='ocrx_word' id='word_1_23' title='bbox 358 1099 411 1173; x_wconf 84' lang='lat' dir='ltr'><strong>Ad</strong></span> <span class='ocrx_word' id='word_1_24' title='bbox 435 1100 638 1173; x_wconf 90' lang='lat' dir='ltr'><strong>humillimas</strong></span> <span class='ocrx_word' id='word_1_25' title='bbox 662 1116 781 1192; x_wconf 82' lang='lat' dir='ltr'><strong>preces</strong></span> <span class='ocrx_word' id='word_1_26' title='bbox 807 1099 912 1171; x_wconf 91' lang='lat' dir='ltr'><strong>Patris</strong></span> <span class='ocrx_word' id='word_1_27' title='bbox 943 1096 1109 1169; x_wconf 81' lang='lat' dir='ltr'><strong>Francisci</strong></span> <span class='ocrx_word' id='word_1_28' title='bbox 1139 1096 1220 1168; x_wconf 87' lang='lat' dir='ltr'><strong>Retz</strong></span> <span class='ocrx_word' id='word_1_29' title='bbox 1246 1093 1429 1187; x_wconf 80' lang='lat' dir='ltr'><strong>Praepositi</strong></span> <span class='ocrx_word' id='word_1_30' title='bbox 1454 1092 1523 1164; x_wconf 88' lang='lat' dir='ltr'><strong>Ge-</strong></span> 
     </span>
     <span class='ocr_line' id='line_1_7' title="bbox 285 1208 1525 1302; baseline -0.005 -18"><span class='ocrx_word' id='word_1_31' title='bbox 285 1213 407 1285; x_wconf 88' lang='lat' dir='ltr'><strong>neralis</strong></span> <span class='ocrx_word' id='word_1_32' title='bbox 433 1213 607 1285; x_wconf 90' lang='lat' dir='ltr'><strong>Societatis</strong></span> <span class='ocrx_word' id='word_1_33' title='bbox 632 1213 722 1297; x_wconf 87' lang='lat' dir='ltr'><strong>lesu,</strong></span> <span class='ocrx_word' id='word_1_34' title='bbox 749 1211 873 1302; x_wconf 89' lang='lat' dir='ltr'><strong>quihus</strong></span> <span class='ocrx_word' id='word_1_35' title='bbox 899 1210 1057 1302; x_wconf 76' lang='lat' dir='ltr'><strong>exposuit</strong></span> <span class='ocrx_word' id='word_1_36' title='bbox 1073 1209 1196 1284; x_wconf 90' lang='lat' dir='ltr'><strong>multos</strong></span> <span class='ocrx_word' id='word_1_37' title='bbox 1210 1209 1262 1281; x_wconf 91' lang='lat' dir='ltr'><strong>rel</strong></span> <span class='ocrx_word' id='word_1_38' title='bbox 1279 1208 1322 1280; x_wconf 90' lang='lat' dir='ltr'><strong>ad</strong></span> <span class='ocrx_word' id='word_1_39' title='bbox 1339 1208 1525 1299; x_wconf 89' lang='lat' dir='ltr'><strong>impetran-</strong></span> 
     </span>
     <span class='ocr_line' id='line_1_8' title="bbox 286 1320 1527 1414; baseline -0.007 -16"><span class='ocrx_word' id='word_1_40' title='bbox 286 1323 347 1398; x_wconf 85' lang='lat' dir='ltr'><strong>das</strong></span> <span class='ocrx_word' id='word_1_41' title='bbox 373 1326 612 1398; x_wconf 81' lang='lat' dir='ltr'><strong>intercessione</strong></span> <span class='ocrx_word' id='word_1_42' title='bbox 642 1326 676 1395; x_wconf 87' lang='lat' dir='ltr'><strong>S.</strong></span> <span class='ocrx_word' id='word_1_43' title='bbox 703 1323 818 1396; x_wconf 90' lang='lat' dir='ltr'><strong>hlcisii</strong></span> <span class='ocrx_word' id='word_1_44' title='bbox 851 1322 1027 1414; x_wconf 87' lang='lat' dir='ltr'><strong>Gonaagae</strong></span> <span class='ocrx_word' id='word_1_45' title='bbox 1060 1341 1079 1394; x_wconf 91' lang='lat' dir='ltr'><strong>a</strong></span> <span class='ocrx_word' id='word_1_46' title='bbox 1111 1323 1181 1394; x_wconf 89' lang='lat' dir='ltr'><strong>Deo</strong></span> <span class='ocrx_word' id='word_1_47' title='bbox 1207 1321 1355 1404; x_wconf 85' lang='lat' dir='ltr'><strong>Gratias,</strong></span> <span class='ocrx_word' id='word_1_48' title='bbox 1382 1320 1435 1392; x_wconf 86' lang='lat' dir='ltr'><strong>vel</strong></span> <span class='ocrx_word' id='word_1_49' title='bbox 1460 1337 1527 1411; x_wconf 92' lang='lat' dir='ltr'><strong>pro</strong></span> 
     </span>
     <span class='ocr_line' id='line_1_9' title="bbox 243 1432 1530 1540; baseline -0.005 -32"><span class='ocrx_word' id='word_1_50' title='bbox 243 1531 246 1540; x_wconf 20' lang='grc' dir='ltr'><em>Ι</em></span> <span class='ocrx_word' id='word_1_51' title='bbox 287 1439 481 1529; x_wconf 86' lang='lat' dir='ltr'><strong>impetratis,</strong></span> <span class='ocrx_word' id='word_1_52' title='bbox 507 1455 569 1509; x_wconf 85' lang='lat' dir='ltr'><strong>ser</strong></span> <span class='ocrx_word' id='word_1_53' title='bbox 595 1436 786 1508; x_wconf 89' lang='lat' dir='ltr'><strong>Dominicas</strong></span> <span class='ocrx_word' id='word_1_54' title='bbox 812 1435 885 1507; x_wconf 87' lang='lat' dir='ltr'><strong>dies</strong></span> <span class='ocrx_word' id='word_1_55' title='bbox 915 1441 991 1507; x_wconf 88' lang='lat' dir='ltr'><strong>ante</strong></span> <span class='ocrx_word' id='word_1_56' title='bbox 1017 1433 1103 1507; x_wconf 90' lang='lat' dir='ltr'><strong>illius</strong></span> <span class='ocrx_word' id='word_1_57' title='bbox 1120 1435 1268 1517; x_wconf 84' lang='lat' dir='ltr'><strong>Festum,</strong></span> <span class='ocrx_word' id='word_1_58' title='bbox 1286 1433 1357 1506; x_wconf 88' lang='lat' dir='ltr'><strong>sive</strong></span> <span class='ocrx_word' id='word_1_59' title='bbox 1371 1432 1530 1523; x_wconf 88' lang='lat' dir='ltr'><strong>aliasper</strong></span> 
     </span>
     <span class='ocr_line' id='line_1_10' title="bbox 287 1543 1530 1640; baseline -0.005 -20"><span class='ocrx_word' id='word_1_60' title='bbox 287 1567 414 1622; x_wconf 89' lang='lat' dir='ltr'><strong>annum</strong></span> <span class='ocrx_word' id='word_1_61' title='bbox 440 1549 494 1640; x_wconf 91' lang='lat' dir='ltr'><strong>pie</strong></span> <span class='ocrx_word' id='word_1_62' title='bbox 519 1549 689 1622; x_wconf 86' lang='lat' dir='ltr'><strong>celebrare</strong></span> <span class='ocrx_word' id='word_1_63' title='bbox 715 1548 942 1620; x_wconf 86' lang='lat' dir='ltr'><strong>consuevisse.</strong></span> <span class='ocrx_word' id='word_1_64' title='bbox 969 1548 1043 1618; x_wconf 88' lang='lat' dir='ltr'><strong>Sac.</strong></span> <span class='ocrx_word' id='word_1_65' title='bbox 1070 1547 1289 1637; x_wconf 76' lang='lat' dir='ltr'><strong>congregatio</strong></span> <span class='ocrx_word' id='word_1_66' title='bbox 1307 1543 1530 1634; x_wconf 88' lang='lat' dir='ltr'><strong>indulgentiis</strong></span> 
     </span>
     <span class='ocr_line' id='line_1_11' title="bbox 287 1654 1531 1752; baseline -0.006 -18"><span class='ocrx_word' id='word_1_67' title='bbox 287 1667 321 1734; x_wconf 90' lang='lat' dir='ltr'><strong>et</strong></span> <span class='ocrx_word' id='word_1_68' title='bbox 345 1661 418 1732; x_wconf 86' lang='lat' dir='ltr'><strong>Sao.</strong></span> <span class='ocrx_word' id='word_1_69' title='bbox 446 1661 607 1751; x_wconf 85' lang='lat' dir='ltr'><strong>Reliquiis</strong></span> <span class='ocrx_word' id='word_1_70' title='bbox 633 1660 822 1752; x_wconf 89' lang='lat' dir='ltr'><strong>praeposita</strong></span> <span class='ocrx_word' id='word_1_71' title='bbox 848 1660 883 1730; x_wconf 91' lang='lat' dir='ltr'><strong>in</strong></span> <span class='ocrx_word' id='word_1_72' title='bbox 908 1660 1018 1731; x_wconf 87' lang='lat' dir='ltr'><strong>Divloi</strong></span> <span class='ocrx_word' id='word_1_73' title='bbox 1036 1660 1144 1730; x_wconf 90' lang='lat' dir='ltr'><strong>cultus</strong></span> <span class='ocrx_word' id='word_1_74' title='bbox 1161 1659 1405 1730; x_wconf 88' lang='lat' dir='ltr'><strong>incrementum</strong></span> <span class='ocrx_word' id='word_1_75' title='bbox 1422 1661 1456 1727; x_wconf 88' lang='lat' dir='ltr'><strong>et</strong></span> <span class='ocrx_word' id='word_1_76' title='bbox 1472 1654 1531 1726; x_wconf 83' lang='lat' dir='ltr'><strong>Fi·</strong></span> 
     </span>
     <span class='ocr_line' id='line_1_12' title="bbox 288 1765 1532 1863; baseline -0.006 -19"><span class='ocrx_word' id='word_1_77' title='bbox 288 1770 412 1844; x_wconf 90' lang='lat' dir='ltr'><strong>delium</strong></span> <span class='ocrx_word' id='word_1_78' title='bbox 438 1773 644 1863; x_wconf 89' lang='lat' dir='ltr'><strong>spiritualem</strong></span> <span class='ocrx_word' id='word_1_79' title='bbox 669 1772 867 1863; x_wconf 91' lang='lat' dir='ltr'><strong>proiectum,</strong></span> <span class='ocrx_word' id='word_1_80' title='bbox 889 1771 1046 1844; x_wconf 90' lang='lat' dir='ltr'><strong>omnibus</strong></span> <span class='ocrx_word' id='word_1_81' title='bbox 1063 1771 1240 1861; x_wconf 86' lang='lat' dir='ltr'><strong>utriusque</strong></span> <span class='ocrx_word' id='word_1_82' title='bbox 1257 1787 1361 1842; x_wconf 84' lang='lat' dir='ltr'><strong>sexus</strong></span> <span class='ocrx_word' id='word_1_83' title='bbox 1387 1765 1532 1838; x_wconf 89' lang='lat' dir='ltr'><strong>Christi·</strong></span> 
     </span>
     <span class='ocr_line' id='line_1_13' title="bbox 287 1881 1531 1975; baseline -0.004 -19"><span class='ocrx_word' id='word_1_84' title='bbox 287 1882 454 1967; x_wconf 86' lang='lat' dir='ltr'><strong>hdehbus,</strong></span> <span class='ocrx_word' id='word_1_85' title='bbox 481 1886 539 1975; x_wconf 91' lang='lat' dir='ltr'><strong>qui</strong></span> <span class='ocrx_word' id='word_1_86' title='bbox 565 1903 627 1956; x_wconf 81' lang='lat' dir='ltr'><strong>sex</strong></span> <span class='ocrx_word' id='word_1_87' title='bbox 651 1884 843 1956; x_wconf 90' lang='lat' dir='ltr'><strong>Dominicas</strong></span> <span class='ocrx_word' id='word_1_88' title='bbox 860 1881 933 1956; x_wconf 89' lang='lat' dir='ltr'><strong>dies</strong></span> <span class='ocrx_word' id='word_1_89' title='bbox 950 1891 987 1956; x_wconf 89' lang='lat' dir='ltr'><strong>ut</strong></span> <span class='ocrx_word' id='word_1_90' title='bbox 1004 1902 1105 1975; x_wconf 92' lang='lat' dir='ltr'><strong>supra</strong></span> <span class='ocrx_word' id='word_1_91' title='bbox 1122 1899 1202 1954; x_wconf 90' lang='lat' dir='ltr'><strong>rere</strong></span> <span class='ocrx_word' id='word_1_92' title='bbox 1218 1881 1429 1973; x_wconf 89' lang='lat' dir='ltr'><strong>poenitentes</strong></span> <span class='ocrx_word' id='word_1_93' title='bbox 1445 1897 1531 1951; x_wconf 92' lang='lat' dir='ltr'><strong>con-</strong></span> 
     </span>
     <span class='ocr_line' id='line_1_14' title="bbox 288 1980 1534 2088; baseline -0.003 -22"><span class='ocrx_word' id='word_1_94' title='bbox 288 1995 369 2068; x_wconf 80' lang='lat' dir='ltr'><strong>lessi</strong></span> <span class='ocrx_word' id='word_1_95' title='bbox 394 1995 562 2088; x_wconf 88' lang='lat' dir='ltr'><strong>Sacraque</strong></span> <span class='ocrx_word' id='word_1_96' title='bbox 587 1996 833 2068; x_wconf 81' lang='lat' dir='ltr'><strong>communione</strong></span> <span class='ocrx_word' id='word_1_97' title='bbox 847 1980 990 2078; x_wconf 81' lang='lat' dir='ltr'><strong>reiecti,</strong></span> <span class='ocrx_word' id='word_1_98' title='bbox 1016 1995 1082 2087; x_wconf 90' lang='lat' dir='ltr'><strong>piis</strong></span> <span class='ocrx_word' id='word_1_99' title='bbox 1108 1993 1313 2067; x_wconf 90' lang='lat' dir='ltr'><strong>orationihus</strong></span> <span class='ocrx_word' id='word_1_100' title='bbox 1340 1999 1397 2064; x_wconf 89' lang='lat' dir='ltr'><strong>aut</strong></span> <span class='ocrx_word' id='word_1_101' title='bbox 1421 1990 1534 2063; x_wconf 88' lang='lat' dir='ltr'><strong>medi·</strong></span> 
     </span>
     <span class='ocr_line' id='line_1_15' title="bbox 290 2104 1536 2199; baseline -0.006 -19"><span class='ocrx_word' id='word_1_102' title='bbox 290 2108 481 2192; x_wconf 91' lang='lat' dir='ltr'><strong>tationibus,</strong></span> <span class='ocrx_word' id='word_1_103' title='bbox 503 2109 618 2182; x_wconf 91' lang='lat' dir='ltr'><strong>aliisve</strong></span> <span class='ocrx_word' id='word_1_104' title='bbox 634 2107 843 2181; x_wconf 87' lang='lat' dir='ltr'><strong>Christianae</strong></span> <span class='ocrx_word' id='word_1_105' title='bbox 863 2109 997 2199; x_wconf 90' lang='lat' dir='ltr'><strong>pietatis</strong></span> <span class='ocrx_word' id='word_1_106' title='bbox 1014 2107 1173 2198; x_wconf 88' lang='lat' dir='ltr'><strong>operibus</strong></span> <span class='ocrx_word' id='word_1_107' title='bbox 1192 2106 1235 2178; x_wconf 86' lang='lat' dir='ltr'><strong>ad</strong></span> <span class='ocrx_word' id='word_1_108' title='bbox 1251 2105 1404 2198; x_wconf 83' lang='lat' dir='ltr'><strong>ejusdem</strong></span> <span class='ocrx_word' id='word_1_109' title='bbox 1417 2104 1536 2174; x_wconf 89' lang='lat' dir='ltr'><strong>Sancti</strong></span> 
     </span>
     <span class='ocr_line' id='line_1_16' title="bbox 291 2215 1535 2312; baseline -0.005 -20"><span class='ocrx_word' id='word_1_110' title='bbox 291 2219 455 2294; x_wconf 86' lang='lat' dir='ltr'><strong>honorem</strong></span> <span class='ocrx_word' id='word_1_111' title='bbox 487 2238 526 2293; x_wconf 90' lang='lat' dir='ltr'><strong>ac</strong></span> <span class='ocrx_word' id='word_1_112' title='bbox 558 2221 618 2294; x_wconf 87' lang='lat' dir='ltr'><strong>Dei</strong></span> <span class='ocrx_word' id='word_1_113' title='bbox 651 2221 790 2312; x_wconf 89' lang='lat' dir='ltr'><strong>gloriam</strong></span> <span class='ocrx_word' id='word_1_114' title='bbox 828 2218 977 2292; x_wconf 85' lang='lat' dir='ltr'><strong>vacando</strong></span> <span class='ocrx_word' id='word_1_115' title='bbox 1010 2219 1310 2300; x_wconf 80' lang='lat' dir='ltr'><strong>sanctificaverint,</strong></span> <span class='ocrx_word' id='word_1_116' title='bbox 1344 2215 1535 2289; x_wconf 72' lang='lat' dir='ltr'><strong>plenariam</strong></span> 
     </span>
     <span class='ocr_line' id='line_1_17' title="bbox 290 2327 1536 2426; baseline -0.004 -22"><span class='ocrx_word' id='word_1_117' title='bbox 290 2339 504 2426; x_wconf 89' lang='lat' dir='ltr'><strong>peccatorum</strong></span> <span class='ocrx_word' id='word_1_118' title='bbox 530 2349 669 2406; x_wconf 91' lang='lat' dir='ltr'><strong>suorum</strong></span> <span class='ocrx_word' id='word_1_119' title='bbox 695 2331 939 2424; x_wconf 85' lang='lat' dir='ltr'><strong>indulgentiam</strong></span> <span class='ocrx_word' id='word_1_120' title='bbox 965 2331 1103 2404; x_wconf 89' lang='lat' dir='ltr'><strong>concedi</strong></span> <span class='ocrx_word' id='word_1_121' title='bbox 1123 2348 1223 2422; x_wconf 89' lang='lat' dir='ltr'><strong>posse</strong></span> <span class='ocrx_word' id='word_1_122' title='bbox 1241 2327 1381 2411; x_wconf 90' lang='lat' dir='ltr'><strong>censuit,</strong></span> <span class='ocrx_word' id='word_1_123' title='bbox 1399 2327 1428 2400; x_wconf 94' lang='lat' dir='ltr'><strong>si</strong></span> <span class='ocrx_word' id='word_1_124' title='bbox 1446 2328 1536 2399; x_wconf 89' lang='lat' dir='ltr'><strong>San-</strong></span> 
     </span>
     <span class='ocr_line' id='line_1_18' title="bbox 292 2441 1538 2536; baseline -0.002 -20"><span class='ocrx_word' id='word_1_125' title='bbox 292 2445 441 2517; x_wconf 91' lang='lat' dir='ltr'><strong>ctissimo</strong></span> <span class='ocrx_word' id='word_1_126' title='bbox 466 2445 627 2536; x_wconf 87' lang='lat' dir='ltr'><strong>placuerit</strong></span> <span class='ocrx_word' id='word_1_127' title='bbox 652 2442 706 2517; x_wconf 90' lang='lat' dir='ltr'><strong>die</strong></span> <span class='ocrx_word' id='word_1_128' title='bbox 734 2447 754 2515; x_wconf 85' lang='lat'>3</span> <span class='ocrx_word' id='word_1_129' title='bbox 783 2444 936 2518; x_wconf 89' lang='lat' dir='ltr'><strong>Octobris</strong></span> <span class='ocrx_word' id='word_1_130' title='bbox 965 2449 1070 2516; x_wconf 81' lang='lat' dir='ltr'><strong>ttae.</strong></span> <span class='ocrx_word' id='word_1_131' title='bbox 1084 2445 1132 2515; x_wconf 91' lang='lat' dir='ltr'><strong>De</strong></span> <span class='ocrx_word' id='word_1_132' title='bbox 1147 2442 1270 2534; x_wconf 90' lang='lat' dir='ltr'><strong>quihus</strong></span> <span class='ocrx_word' id='word_1_133' title='bbox 1287 2441 1372 2513; x_wconf 89' lang='lat' dir='ltr'><strong>iacta</strong></span> <span class='ocrx_word' id='word_1_134' title='bbox 1398 2455 1458 2533; x_wconf 92' lang='lat' dir='ltr'><strong>per</strong></span> <span class='ocrx_word' id='word_1_135' title='bbox 1476 2457 1538 2513; x_wconf 86' lang='lat' dir='ltr'><strong>me</strong></span> 
     </span>
     <span class='ocr_line' id='line_1_19' title="bbox 293 2553 1540 2644; baseline -0.005 -14"><span class='ocrx_word' id='word_1_136' title='bbox 293 2555 502 2630; x_wconf 83' lang='lat' dir='ltr'><strong>Cardinalem</strong></span> <span class='ocrx_word' id='word_1_137' title='bbox 528 2557 735 2630; x_wconf 76' lang='lat' dir='ltr'><strong>Praefectum</strong></span> <span class='ocrx_word' id='word_1_138' title='bbox 761 2556 935 2638; x_wconf 91' lang='lat' dir='ltr'><strong>relatione,</strong></span> <span class='ocrx_word' id='word_1_139' title='bbox 963 2555 1126 2628; x_wconf 85' lang='lat' dir='ltr'><strong>Sanctitas</strong></span> <span class='ocrx_word' id='word_1_140' title='bbox 1151 2556 1219 2629; x_wconf 89' lang='lat' dir='ltr'><strong>Sua</strong></span> <span class='ocrx_word' id='word_1_141' title='bbox 1245 2553 1391 2644; x_wconf 88' lang='lat' dir='ltr'><strong>henigne</strong></span> <span class='ocrx_word' id='word_1_142' title='bbox 1416 2553 1540 2624; x_wconf 90' lang='lat' dir='ltr'><strong>annuit</strong></span> 
     </span>
     <span class='ocr_line' id='line_1_20' title="bbox 293 2665 938 2758; baseline 0 -20"><span class='ocrx_word' id='word_1_143' title='bbox 293 2665 349 2742; x_wconf 87' lang='lat' dir='ltr'><strong>die</strong></span> <span class='ocrx_word' id='word_1_144' title='bbox 378 2672 417 2740; x_wconf 88' lang='lat' dir='ltr'><strong>ll</strong></span> <span class='ocrx_word' id='word_1_145' title='bbox 448 2667 642 2741; x_wconf 84' lang='lat' dir='ltr'><strong>Decembris</strong></span> <span class='ocrx_word' id='word_1_146' title='bbox 668 2665 822 2758; x_wconf 82' lang='lat' dir='ltr'><strong>ejusdem</strong></span> <span class='ocrx_word' id='word_1_147' title='bbox 849 2668 938 2738; x_wconf 91' lang='lat' dir='ltr'><strong>anni.</strong></span> 
     </span>
    </p>

    <p class='ocr_par' dir='ltr' id='par_1_5' title="bbox 694 2777 1538 2983">
     <span class='ocr_line' id='line_1_21' title="bbox 694 2777 1538 2852; baseline -0.004 0"><span class='ocrx_word' id='word_1_148' title='bbox 694 2780 731 2852; x_wconf 88' lang='lat' dir='ltr'><strong>L.</strong></span> <span class='ocrx_word' id='word_1_149' title='bbox 758 2779 936 2850; x_wconf 84' lang='lat' dir='ltr'><strong>Earscoeus</strong></span> <span class='ocrx_word' id='word_1_150' title='bbox 963 2779 1129 2850; x_wconf 72' lang='lat' dir='ltr'><strong>Acarnan.</strong></span> <span class='ocrx_word' id='word_1_151' title='bbox 1157 2780 1260 2852; x_wconf 84' lang='lat' dir='ltr'><strong>Canu.</strong></span> <span class='ocrx_word' id='word_1_152' title='bbox 1288 2779 1383 2850; x_wconf 90' lang='lat' dir='ltr'><strong>Prccs</strong></span> <span class='ocrx_word' id='word_1_153' title='bbox 1409 2777 1538 2850; x_wconf 78' lang='lat' dir='ltr'><strong>Panos.</strong></span> 
     </span>
     <span class='ocr_line' id='line_1_22' title="bbox 769 2889 1483 2983; baseline -0.001 -23"><span class='ocrx_word' id='word_1_154' title='bbox 769 2891 918 2963; x_wconf 80' lang='lat' dir='ltr'><strong>loannes</strong></span> <span class='ocrx_word' id='word_1_155' title='bbox 943 2889 1224 2983; x_wconf 79' lang='lat' dir='ltr'><strong>Arelateptscopus</strong></span> <span class='ocrx_word' id='word_1_156' title='bbox 1254 2891 1333 2981; x_wconf 73' lang='lat' dir='ltr'><strong>Tyri</strong></span> <span class='ocrx_word' id='word_1_157' title='bbox 1360 2891 1483 2962; x_wconf 84' lang='lat' dir='ltr'><strong>sacret.</strong></span> 
     </span>
    </p>
   </div>
   <div class='ocr_carea' id='block_1_5' title="bbox 898 3089 934 3160">
    <p class='ocr_par' dir='ltr' id='par_1_6' title="bbox 898 3089 934 3160">
     <span class='ocr_line' id='line_1_23' title="bbox 898 3089 934 3160; baseline -0.056 0"><span class='ocrx_word' id='word_1_158' title='bbox 898 3089 934 3160; x_wconf 89' lang='lat' dir='ltr'><strong>C.</strong></span> 
     </span>
    </p>
   </div>
   <div class='ocr_carea' id='block_1_6' title="bbox 298 3224 1552 4444">
    <p class='ocr_par' dir='ltr' id='par_1_7' title="bbox 298 3224 1552 4444">
     <span class='ocr_line' id='line_1_24' title="bbox 372 3224 1545 3320; baseline -0.003 -20"><span class='ocrx_word' id='word_1_159' title='bbox 372 3225 456 3300; x_wconf 84' lang='lat' dir='ltr'><strong>Cum</strong></span> <span class='ocrx_word' id='word_1_160' title='bbox 483 3245 592 3320; x_wconf 89' lang='lat' dir='ltr'><strong>nuper</strong></span> <span class='ocrx_word' id='word_1_161' title='bbox 618 3228 855 3302; x_wconf 79' lang='lat' dir='ltr'><strong>Sanctissimae</strong></span> <span class='ocrx_word' id='word_1_162' title='bbox 880 3231 1045 3301; x_wconf 81' lang='lat' dir='ltr'><strong>Dominus</strong></span> <span class='ocrx_word' id='word_1_163' title='bbox 1071 3229 1190 3302; x_wconf 87' lang='lat' dir='ltr'><strong>Noster</strong></span> <span class='ocrx_word' id='word_1_164' title='bbox 1215 3228 1258 3301; x_wconf 89' lang='lat' dir='ltr'><strong>de</strong></span> <span class='ocrx_word' id='word_1_165' title='bbox 1283 3226 1421 3300; x_wconf 91' lang='lat' dir='ltr'><strong>consilio</strong></span> <span class='ocrx_word' id='word_1_166' title='bbox 1452 3224 1545 3297; x_wconf 88' lang='lat' dir='ltr'><strong>Con-</strong></span> 
     </span>
     <span class='ocr_line' id='line_1_25' title="bbox 298 3337 1546 3432; baseline 0 -22"><span class='ocrx_word' id='word_1_167' title='bbox 298 3339 500 3430; x_wconf 86' lang='lat' dir='ltr'><strong>grogatlonis</strong></span> <span class='ocrx_word' id='word_1_168' title='bbox 526 3339 743 3432; x_wconf 89' lang='lat' dir='ltr'><strong>indulgentiis</strong></span> <span class='ocrx_word' id='word_1_169' title='bbox 769 3348 802 3414; x_wconf 90' lang='lat' dir='ltr'><strong>et</strong></span> <span class='ocrx_word' id='word_1_170' title='bbox 827 3343 900 3414; x_wconf 88' lang='lat' dir='ltr'><strong>Sao.</strong></span> <span class='ocrx_word' id='word_1_171' title='bbox 933 3342 1094 3432; x_wconf 85' lang='lat' dir='ltr'><strong>Reliquiis</strong></span> <span class='ocrx_word' id='word_1_172' title='bbox 1128 3341 1336 3432; x_wconf 86' lang='lat' dir='ltr'><strong>praepositae</strong></span> <span class='ocrx_word' id='word_1_173' title='bbox 1368 3337 1546 3410; x_wconf 83' lang='lat' dir='ltr'><strong>Fidelibus</strong></span> 
     </span>
     <span class='ocr_line' id='line_1_26' title="bbox 300 3451 1546 3544; baseline 0 -22"><span class='ocrx_word' id='word_1_174' title='bbox 300 3451 477 3541; x_wconf 88' lang='lat' dir='ltr'><strong>utriusque</strong></span> <span class='ocrx_word' id='word_1_175' title='bbox 502 3469 617 3536; x_wconf 75' lang='lat' dir='ltr'><strong>sexus</strong></span> <span class='ocrx_word' id='word_1_176' title='bbox 645 3454 702 3544; x_wconf 92' lang='lat' dir='ltr'><strong>qui</strong></span> <span class='ocrx_word' id='word_1_177' title='bbox 728 3473 790 3526; x_wconf 84' lang='lat' dir='ltr'><strong>sex</strong></span> <span class='ocrx_word' id='word_1_178' title='bbox 815 3455 1007 3525; x_wconf 87' lang='lat' dir='ltr'><strong>Dominicas</strong></span> <span class='ocrx_word' id='word_1_179' title='bbox 1028 3453 1100 3526; x_wconf 86' lang='lat' dir='ltr'><strong>dies</strong></span> <span class='ocrx_word' id='word_1_180' title='bbox 1117 3454 1291 3526; x_wconf 86' lang='lat' dir='ltr'><strong>continuas</strong></span> <span class='ocrx_word' id='word_1_181' title='bbox 1308 3457 1385 3524; x_wconf 91' lang='lat' dir='ltr'><strong>ante</strong></span> <span class='ocrx_word' id='word_1_182' title='bbox 1401 3451 1546 3522; x_wconf 81' lang='lat' dir='ltr'><strong>Festum</strong></span> 
     </span>
     <span class='ocr_line' id='line_1_27' title="bbox 301 3561 1546 3658; baseline 0.002 -26"><span class='ocrx_word' id='word_1_183' title='bbox 301 3563 335 3633; x_wconf 87' lang='lat' dir='ltr'><strong>S.</strong></span> <span class='ocrx_word' id='word_1_184' title='bbox 363 3561 478 3635; x_wconf 83' lang='lat' dir='ltr'><strong>hloisii</strong></span> <span class='ocrx_word' id='word_1_185' title='bbox 503 3563 690 3656; x_wconf 87' lang='lat' dir='ltr'><strong>Gonzagao,</strong></span> <span class='ocrx_word' id='word_1_186' title='bbox 716 3567 788 3639; x_wconf 87' lang='lat' dir='ltr'><strong>sire</strong></span> <span class='ocrx_word' id='word_1_187' title='bbox 815 3568 895 3638; x_wconf 91' lang='lat' dir='ltr'><strong>alias</strong></span> <span class='ocrx_word' id='word_1_188' title='bbox 913 3585 973 3658; x_wconf 89' lang='lat' dir='ltr'><strong>per</strong></span> <span class='ocrx_word' id='word_1_189' title='bbox 991 3585 1115 3637; x_wconf 88' lang='lat' dir='ltr'><strong>annum</strong></span> <span class='ocrx_word' id='word_1_190' title='bbox 1134 3582 1213 3638; x_wconf 86' lang='lat' dir='ltr'><strong>rere</strong></span> <span class='ocrx_word' id='word_1_191' title='bbox 1230 3565 1439 3656; x_wconf 90' lang='lat' dir='ltr'><strong>poenitentes</strong></span> <span class='ocrx_word' id='word_1_192' title='bbox 1458 3579 1546 3634; x_wconf 90' lang='lat' dir='ltr'><strong>con-</strong></span> 
     </span>
     <span class='ocr_line' id='line_1_28' title="bbox 301 3674 1547 3769; baseline 0.002 -25"><span class='ocrx_word' id='word_1_193' title='bbox 301 3674 379 3745; x_wconf 89' lang='lat' dir='ltr'><strong>lessi</strong></span> <span class='ocrx_word' id='word_1_194' title='bbox 405 3674 574 3767; x_wconf 85' lang='lat' dir='ltr'><strong>Sacraque</strong></span> <span class='ocrx_word' id='word_1_195' title='bbox 600 3677 845 3751; x_wconf 84' lang='lat' dir='ltr'><strong>communione</strong></span> <span class='ocrx_word' id='word_1_196' title='bbox 869 3679 982 3751; x_wconf 87' lang='lat' dir='ltr'><strong>reiecti</strong></span> <span class='ocrx_word' id='word_1_197' title='bbox 1009 3679 1072 3769; x_wconf 90' lang='lat' dir='ltr'><strong>piis</strong></span> <span class='ocrx_word' id='word_1_198' title='bbox 1098 3676 1366 3750; x_wconf 72' lang='lat' dir='ltr'><strong>meditationibus</strong></span> <span class='ocrx_word' id='word_1_199' title='bbox 1384 3681 1441 3747; x_wconf 91' lang='lat' dir='ltr'><strong>aut</strong></span> <span class='ocrx_word' id='word_1_200' title='bbox 1457 3675 1547 3746; x_wconf 92' lang='lat' dir='ltr'><strong>Dra-</strong></span> 
     </span>
     <span class='ocr_line' id='line_1_29' title="bbox 301 3786 1547 3881; baseline 0.003 -25"><span class='ocrx_word' id='word_1_201' title='bbox 301 3786 448 3858; x_wconf 89' lang='lat' dir='ltr'><strong>tionibus</strong></span> <span class='ocrx_word' id='word_1_202' title='bbox 476 3787 591 3862; x_wconf 82' lang='lat' dir='ltr'><strong>aliisro</strong></span> <span class='ocrx_word' id='word_1_203' title='bbox 616 3791 823 3864; x_wconf 84' lang='lat' dir='ltr'><strong>Christianae</strong></span> <span class='ocrx_word' id='word_1_204' title='bbox 850 3791 983 3863; x_wconf 84' lang='lat' dir='ltr'><strong>Pietatis</strong></span> <span class='ocrx_word' id='word_1_205' title='bbox 1009 3789 1168 3881; x_wconf 89' lang='lat' dir='ltr'><strong>operibus</strong></span> <span class='ocrx_word' id='word_1_206' title='bbox 1194 3789 1236 3861; x_wconf 87' lang='lat' dir='ltr'><strong>ad</strong></span> <span class='ocrx_word' id='word_1_207' title='bbox 1254 3788 1415 3881; x_wconf 72' lang='lat' dir='ltr'><strong>Eiusdem</strong></span> <span class='ocrx_word' id='word_1_208' title='bbox 1428 3788 1547 3860; x_wconf 88' lang='lat' dir='ltr'><strong>Sancti</strong></span> 
     </span>
     <span class='ocr_line' id='line_1_30' title="bbox 301 3899 1550 3995; baseline 0.003 -27"><span class='ocrx_word' id='word_1_209' title='bbox 301 3899 464 3972; x_wconf 91' lang='lat' dir='ltr'><strong>honorem</strong></span> <span class='ocrx_word' id='word_1_210' title='bbox 492 3921 530 3974; x_wconf 88' lang='lat' dir='ltr'><strong>ao</strong></span> <span class='ocrx_word' id='word_1_211' title='bbox 556 3905 613 3975; x_wconf 91' lang='lat' dir='ltr'><strong>Dei</strong></span> <span class='ocrx_word' id='word_1_212' title='bbox 641 3904 778 3995; x_wconf 85' lang='lat' dir='ltr'><strong>gloriam</strong></span> <span class='ocrx_word' id='word_1_213' title='bbox 797 3903 947 3975; x_wconf 77' lang='lat' dir='ltr'><strong>vacando</strong></span> <span class='ocrx_word' id='word_1_214' title='bbox 964 3902 1244 3975; x_wconf 81' lang='lat' dir='ltr'><strong>sanctificaverint</strong></span> <span class='ocrx_word' id='word_1_215' title='bbox 1259 3903 1443 3975; x_wconf 88' lang='lat' dir='ltr'><strong>Plenariam</strong></span> <span class='ocrx_word' id='word_1_216' title='bbox 1463 3919 1550 3991; x_wconf 88' lang='lat' dir='ltr'><strong>pec·</strong></span> 
     </span>
     <span class='ocr_line' id='line_1_31' title="bbox 302 4015 1550 4107; baseline 0.002 -26"><span class='ocrx_word' id='word_1_217' title='bbox 302 4019 451 4085; x_wconf 78' lang='lat' dir='ltr'><strong>catonum</strong></span> <span class='ocrx_word' id='word_1_218' title='bbox 478 4034 618 4086; x_wconf 89' lang='lat' dir='ltr'><strong>suornm</strong></span> <span class='ocrx_word' id='word_1_219' title='bbox 645 4016 889 4107; x_wconf 86' lang='lat' dir='ltr'><strong>indulgentiam</strong></span> <span class='ocrx_word' id='word_1_220' title='bbox 916 4017 1137 4105; x_wconf 70' lang='lat' dir='ltr'><strong>concesserit,</strong></span> <span class='ocrx_word' id='word_1_221' title='bbox 1164 4015 1404 4106; x_wconf 85' lang='lat' dir='ltr'><strong>quaerentibus</strong></span> <span class='ocrx_word' id='word_1_222' title='bbox 1424 4019 1550 4105; x_wconf 88' lang='lat' dir='ltr'><strong>postea</strong></span> 
     </span>
     <span class='ocr_line' id='line_1_32' title="bbox 306 4125 1551 4220; baseline 0.002 -26"><span class='ocrx_word' id='word_1_223' title='bbox 306 4125 509 4214; x_wconf 89' lang='lat' dir='ltr'><strong>quibusdam</strong></span> <span class='ocrx_word' id='word_1_224' title='bbox 536 4147 627 4199; x_wconf 91' lang='lat' dir='ltr'><strong>nunc</strong></span> <span class='ocrx_word' id='word_1_225' title='bbox 652 4146 713 4220; x_wconf 91' lang='lat' dir='ltr'><strong>pro</strong></span> <span class='ocrx_word' id='word_1_226' title='bbox 740 4128 897 4200; x_wconf 91' lang='lat' dir='ltr'><strong>omnihus</strong></span> <span class='ocrx_word' id='word_1_227' title='bbox 930 4129 1029 4200; x_wconf 89' lang='lat' dir='ltr'><strong>simul</strong></span> <span class='ocrx_word' id='word_1_228' title='bbox 1060 4127 1156 4200; x_wconf 90' lang='lat' dir='ltr'><strong>dictis</strong></span> <span class='ocrx_word' id='word_1_229' title='bbox 1185 4145 1248 4200; x_wconf 89' lang='lat' dir='ltr'><strong>sex</strong></span> <span class='ocrx_word' id='word_1_230' title='bbox 1272 4125 1473 4208; x_wconf 89' lang='lat' dir='ltr'><strong>Dominicis,</strong></span> <span class='ocrx_word' id='word_1_231' title='bbox 1501 4143 1551 4197; x_wconf 86' lang='lat' dir='ltr'><strong>an</strong></span> 
     </span>
     <span class='ocr_line' id='line_1_33' title="bbox 302 4237 1552 4331; baseline 0.001 -23"><span class='ocrx_word' id='word_1_232' title='bbox 302 4237 414 4325; x_wconf 90' lang='lat' dir='ltr'><strong>potius</strong></span> <span class='ocrx_word' id='word_1_233' title='bbox 438 4255 500 4329; x_wconf 90' lang='lat' dir='ltr'><strong>pro</strong></span> <span class='ocrx_word' id='word_1_234' title='bbox 526 4239 667 4330; x_wconf 88' lang='lat' dir='ltr'><strong>singulis</strong></span> <span class='ocrx_word' id='word_1_235' title='bbox 693 4240 767 4312; x_wconf 88' lang='lat' dir='ltr'><strong>talis</strong></span> <span class='ocrx_word' id='word_1_236' title='bbox 793 4239 1000 4331; x_wconf 88' lang='lat' dir='ltr'><strong>indulgentia</strong></span> <span class='ocrx_word' id='word_1_237' title='bbox 1025 4241 1124 4314; x_wconf 88' lang='lat' dir='ltr'><strong>luerit</strong></span> <span class='ocrx_word' id='word_1_238' title='bbox 1149 4257 1327 4331; x_wconf 82' lang='lat' dir='ltr'><strong>coacessa3</strong></span> <span class='ocrx_word' id='word_1_239' title='bbox 1353 4239 1456 4311; x_wconf 92' lang='lat' dir='ltr'><strong>relato</strong></span> <span class='ocrx_word' id='word_1_240' title='bbox 1482 4255 1552 4328; x_wconf 88' lang='lat' dir='ltr'><strong>por</strong></span> 
     </span>
     <span class='ocr_line' id='line_1_34' title="bbox 302 4348 1550 4444; baseline 0.006 -29"><span class='ocrx_word' id='word_1_241' title='bbox 302 4364 365 4438; x_wconf 85' lang='lat' dir='ltr'><strong>per</strong></span> <span class='ocrx_word' id='word_1_242' title='bbox 390 4365 445 4420; x_wconf 87' lang='lat' dir='ltr'><strong>mc</strong></span> <span class='ocrx_word' id='word_1_243' title='bbox 471 4349 719 4443; x_wconf 78' lang='lat' dir='ltr'><strong>infrascriptum</strong></span> <span class='ocrx_word' id='word_1_244' title='bbox 746 4351 897 4442; x_wconf 83' lang='lat' dir='ltr'><strong>ejusdem</strong></span> <span class='ocrx_word' id='word_1_245' title='bbox 925 4353 997 4424; x_wconf 85' lang='lat' dir='ltr'><strong>Sao.</strong></span> <span class='ocrx_word' id='word_1_246' title='bbox 1029 4352 1303 4444; x_wconf 80' lang='lat' dir='ltr'><strong>congregationis</strong></span> <span class='ocrx_word' id='word_1_247' title='bbox 1333 4348 1550 4424; x_wconf 79' lang='lat' dir='ltr'><strong>cardinalem</strong></span> 
     </span>
    </p>
   </div>
   <div class='ocr_carea' id='block_1_7' title="bbox 0 0 1640 4928">
    <p class='ocr_par' dir='ltr' id='par_1_8' title="bbox 0 0 1640 4928">
     <span class='ocr_line' id='line_1_35' title="bbox 0 0 1640 4928; baseline 0 0"><span class='ocrx_word' id='word_1_248' title='bbox 0 0 1640 4928; x_wconf 95' lang='lat' dir='ltr'><strong> </strong></span> 
     </span>
    </p>
   </div>
  </div>
 </body>
</html>
