3214 4928
789 353 981 420 ...24-

267 487 446 580 expendat,
472 493 506 560 et
530 505 615 578 quas
642 494 698 559 aut
723 493 904 572 revocatas,
932 493 988 560 aut
1011 487 1122 569 falsas,
1141 494 1174 558 el
1191 487 1400 579 apocryphas
1419 507 1498 562 esse

268 599 536 693 deprehenderit,
558 617 602 670 ne
619 598 749 670 Fideles
774 599 904 671 illarum
930 597 1216 690 assequendamm
1241 617 1303 690 spe
1328 599 1497 692 decipian-

268 717 333 799 tur,
359 712 469 805 palam
495 711 628 802 detegat
652 717 753 802 atque
778 711 964 803 probibeat.

340 825 425 898 cum
448 824 564 914 itaque
581 823 654 896 Sao.
673 822 928 914 congregationi
945 822 1091 898 delatum
1108 823 1216 907 luerit,
1235 823 1270 896 in
1287 823 1397 896 libello
1414 841 1499 917 quu-

266 937 345 1010 dam
371 938 524 1010 lleronae
549 936 715 1028 impresso
740 955 828 1008 anno
857 941 969 1020 1711,
996 936 1050 1042 oui
1076 936 1190 1010 titulus
1227 939 1372 1010 «Breve
1398 938 1498 1011 Nuti-

266 1051 324 1122 aia
345 1049 406 1120 ‘del
425 1051 525 1120 sautu
546 1048 685 1122 Abitina
713 1047 774 1120 ulta
791 1049 821 1120 si
838 1048 995 1142 dispensa
1014 1048 1148 1122 da’PP.
1179 1050 1311 1122 Teatiai
1328 1049 1377 1122 ad
1393 1069 1501 1122 unare

218 1245 223 1256 ¹
266 1159 346 1232 dcll'
360 1161 590 1232 Immaculata
618 1161 823 1234 coaceaiuua
849 1160 886 1232 di
910 1161 1029 1233 Maria
1060 1162 1199 1252 Verpiae
1224 1162 1261 1231 iu
1289 1162 1382 1232 313131
1408 1159 1500 1233 d'ua

267 1274 376 1344 Breve
396 1271 589 1364 Apostolum
612 1271 649 1343 di
668 1271 899 1352 clementaX,
921 1271 1131 1363 consummato
1152 1289 1215 1344 cua
1235 1272 1326 1344 altra
1353 1269 1409 1343 del
1434 1273 1499 1344 lle·

267 1390 396 1476 quante
423 1385 560 1456 Summo
587 1383 754 1475 Puatetice
780 1384 816 1454 13
842 1382 929 1456 dota
962 1381 1044 1456 delli
1072 1386 1116 1454 12
1142 1384 1284 1475 Moqpia
1313 1387 1500 1456 1710333

265 1497 297 1568 le
322 1495 529 1585 fudutpeuze
550 1496 693 1587 proprie
719 1514 737 1565 e
763 1493 1096 1586 delt’appreqaaiaae
1121 1496 1196 1566 olla
1223 1496 1297 1568 lura
1322 1495 1501 1586 ltutipiuue

265 1610 327 1680 etc.
353 1606 515 1697 plurimas
542 1605 767 1696 indulgentias
785 1605 884 1676 falsas
901 1606 1073 1690 contineri,
1091 1605 1192 1677 331311
1209 1623 1228 1676 3
1245 1606 1393 1678 Summis
1411 1607 1499 1679 Pan·

264 1717 410 1790 tificibus
435 1733 613 1800 concessa,
640 1723 697 1789 aut
723 1717 964 1808 quoquomodo
990 1717 1263 1801 communicatas,
1289 1717 1499 1808 gestantibus

264 1829 438 1921 scapulare
470 1847 612 1921 parrum
638 1828 783 1902 33333131
815 1829 952 1912 coluris,
983 1827 1075 1920 quod
1108 1835 1228 1902 vocant
1260 1829 1499 1922 conceptionis

264 1940 480 2014 Beatissimae
509 1940 654 2030 Virginis
688 1941 929 2014 immaculatae.
961 1941 1049 2044 ι11133
1087 1960 1124 2013 33
1162 1948 1293 2014 mature
1330 1959 1499 2034 perpensa

263 2053 319 2127 die
346 2058 391 2126 22
418 2039 588 2125 Februarii
617 2057 710 2123 1712
737 2051 915 2124 declaravit
945 2053 1052 2126 331133
1078 2053 1158 2126 alias
1183 2053 1409 2144 indulgentias
1434 2071 1499 2146 pro

263 2166 448 2258 gestatione
468 2164 627 2257 praedicti
647 2165 829 2256 scapularis
851 2166 978 2255 acquiri
1002 2165 1067 2237 uisi
1092 2165 1174 2249 illas,
1201 2184 1285 2256 quas
1307 2165 1365 2238 SS.
1382 2165 1500 2240 Domi-

263 2295 330 2350 nus
355 2277 475 2349 Noster
499 2275 616 2348 litteris
641 2275 676 2346 13
702 2275 807 2347 13333
832 2277 946 2349 1133313
972 2276 1118 2370 desuper
1132 2276 1229 2350 editis
1247 2276 1302 2350 die
1321 2281 1365 2348 11
1392 2277 1500 2350 Martii

264 2407 352 2462 anno
381 2393 475 2460 1710
502 2389 683 2460 clementer
709 2389 874 2461 concessit
896 2388 950 2460 lris
976 2388 1099 2460 verbis.
1126 2388 1290 2461 Omnibus
1308 2395 1341 2462 31
1357 2389 1499 2480 singulis

263 2501 439 2590 utriusque
455 2517 560 2572 serus
577 2499 865 2584 christifidelibus,
883 2500 1007 2589 quibus
1028 2500 1213 2591 scapularia
1234 2499 1409 2572 benedicta
1434 2499 1499 2572 hu-

262 2611 429 2704 iusmodi3
457 2617 493 2682 ut
518 2611 732 2702 praeferetur,
759 2612 794 2682 in
814 2618 987 2702 posteram
1005 2610 1256 2690 distribuentur,
1274 2610 1339 2694 die,
1358 2629 1427 2702 quo
1443 2611 1501 2684 illa

264 2723 412 2816 primum
438 2721 658 2812 susceperint,
685 2722 714 2793 si
744 2740 823 2796 3333
852 2723 1061 2816 poenitentes
1091 2729 1125 2795 et
1149 2721 1293 2794 confessi
1322 2722 1499 2796 Sanctissi-

266 2853 362 2907 mum
394 2831 621 2904 Eucharistiae
654 2835 906 2908 Sacramentum
933 2836 1155 2926 sumpserint,
1190 2833 1397 2924 plenariam;
1436 2855 1501 2908 nec

264 2963 334 3021 uon
364 2943 493 3017 eisdem
518 2945 552 3016 13
578 2946 754 3036 cujuslibet
780 2965 897 3020 33333
923 2949 1038 3018 333113
1064 2944 1201 3016 33113313
1226 2946 1256 3016 31
1286 2945 1385 3016 31133
1419 2965 1499 3019 3333

264 3057 476 3152 poenitentes
510 3063 543 3129 31
575 3056 718 3128 confessi
749 3065 781 3130 et
818 3058 1126 3132 8.(1333331333
1162 3056 1297 3139 refecti,
1337 3057 1389 3130 vel
1419 3077 1502 3150 qua·

265 3178 365 3245 tenus
391 3169 426 3242 id
451 3169 560 3242 fauere
585 3170 806 3260 nequiverint,
833 3171 951 3244 saltem
977 3168 1108 3241 contriti
1132 3167 1262 3240 Nomen
1284 3169 1375 3254 1333,
1394 3187 1452 3242 333
1469 3171 1501 3244 31

268 3282 456 3377 potuerint,
482 3282 536 3354 sin
565 3281 677 3354 minus
703 3281 1216 3363 3331133133313133333333131,
1242 3279 1359 3352 itidem
1384 3281 1500 3354 Plena·

266 3396 374 3484 riam;
405 3393 454 3465 Aa
479 3393 561 3486 ipsis
586 3394 709 3485 pariter
734 3413 814 3468 vere
839 3394 1087 3487 poenitentibus
1112 3397 1146 3464 et
1170 3391 1351 3476 confessis,
1378 3410 1417 3466 aa
1443 3411 1501 3466 ea·

268 3506 348 3580 dem
374 3506 410 3576 S.
437 3504 679 3580 communione
705 3506 855 3591 relectis,
882 3507 940 3598 qui
971 3505 1115 3596 aliquam
1141 3521 1185 3575 33
1210 3501 1368 3575 ccelesiis
1393 3503 1502 3579 (113133

268 3616 553 3710 congregationis,
580 3618 634 3690 331
658 3617 859 3711 cappellam,
878 3618 948 3690 sire
965 3617 1154 3690 033133133
1170 3613 1225 3687 die
1241 3613 1327 3686 festu
1344 3615 1501 3706 ejusdem

269 3729 504 3822 conceptionis
530 3730 566 3800 Β.
592 3729 715 3802 1133133
740 3728 884 3820 Virginis
909 3729 1144 3802 immaculatae
1169 3726 1321 3821 aprimis
1339 3727 1501 3821 vesperis

269 3841 447 3934 usquead
473 3842 637 3915 0333333
662 3840 741 3914 33113
767 3840 833 3912 diei
858 3840 1052 3931 hujusmodi
1075 3840 1216 3931 singulis
1249 3838 1345 3911 annis
1379 3839 1502 3916 devote

270 3953 485 4039 visitaverint,
511 3958 545 4025 et
560 3952 607 4025 ibi
622 3969 684 4044 pru
701 3951 964 4025 cbristianorum
980 3953 1172 4046 Principum
1189 3955 1252 4026 etc.
1268 3966 1388 4043 preces
1413 3952 1500 4026 eflu-

271 4067 395 4152 derint‚
421 4065 605 4140 Plenariam
631 4064 781 4138 similiter
806 4067 955 4140 omnium
980 4072 1193 4159 peucatomm
1219 4080 1358 4136 suorum
1383 4062 1499 4140 ludul-

271 4178 418 4270 gentiam
442 4183 476 4249 et
499 4174 732 4248 remissionem
757 4178 1014 4254 misericorditer
1039 4181 1074 4252 13
1099 4176 1241 4250 flumina
1267 4171 1497 4252 concedimus

271 4291 413 4386 insuper
436 4287 614 4386 praedietis
639 4289 916 4370 christifidelibus
941 4294 1040 4370 31133
1069 4309 1149 4366 3333
1181 4285 1430 4382 poenitentibus
1464 4297 1501 4365 31
