3346 4924
673 355 719 373 -
738 322 816 396 ,ott
845 353 892 372 ··

235 456 286 529 2⁰
311 457 377 529 Net
400 455 557 529 suddetto
585 456 751 548 Opusroto
777 457 829 528 «11
853 459 992 530 Rosario
1009 457 1043 531 di
1060 459 1163 532 Maria
1187 461 1394 551 sontissima,

158 569 188 642 si
214 569 309 660 lagga
335 586 409 660 pag.
439 571 534 640 tra·
559 567 619 640 cbu
645 567 792 642 t'Attore
810 568 865 642 dut
881 571 1027 643 Rosorio
1055 572 1073 643 t
1094 573 1317 666 prtoiteuioto
1330 597 1396 670 per

159 684 239 754 tutti
264 684 277 754 i
304 680 482 754 Sacerdoti
507 680 639 752 uscritti
655 700 679 752 o
697 686 816 772 questu
843 682 1100 776 Confroterut'to
1125 704 1228 759 sauro
1253 689 1398 780 coutun-

158 813 239 885 ‚qere
264 794 367 866 ottro.
394 795 454 866 Mu
481 793 564 864 ottri
589 793 705 865 outort
722 795 943 886 oootuuoouo
970 794 1031 868 obe
1056 795 1080 869 t’
1090 796 1303 890 incalceato
1329 800 1399 874 det·

159 905 311 978 tritiora
336 905 560 995 Prioiteototo
577 922 646 976 noo
669 905 738 997 pub
766 906 955 998 applicorsi
972 905 1033 981 obe
1049 910 1238 983 sotumoute
1258 913 1295 984 oi
1316 912 1400 987 cou-

156 1017 290 1110 [rutetti
316 1015 453 1110 desoutt.
490 1017 567 1088 Oro
584 1016 615 1086 st
640 1014 837 1099 domando,
863 1037 897 1090 so
931 1023 1049 1109 questu
1086 1020 1301 1113 Iucutoeuzo
1325 1026 1399 1117 pub

157 1127 349 1220 uppttmrsr'
373 1130 412 1198 oi
438 1125 638 1218 coutrotetii
670 1125 799 1220 detenti
824 1126 880 1200 oet
905 1129 1070 1212 tiosorio,
1104 1150 1230 1216 uouero
1260 1153 1284 1206 o
1310 1139 1400 1210 tutto

158 1243 257 1319 sorta
283 1237 320 1311 at
344 1237 470 1332 fedeli?
1020 1305 1023 1308 .

234 1349 284 1426 3.⁰
309 1348 570 1441 L'tndutcauzu
596 1348 634 1422 m·
664 1350 785 1442 rituque
817 1352 902 1424 cuni
927 1371 945 1425 e
971 1351 1007 1425 di
1033 1353 1154 1447 uiaque
1184 1363 1397 1447 quarantene

157 1460 349 1538 occordoto
374 1462 412 1534 oi
439 1462 640 1554 cousrotetb'
665 1462 721 1536 dot
745 1465 907 1546 Roscrt'o,
929 1463 989 1539 ctu
1012 1469 1251 1559 pronunciabo
1269 1472 1295 1544 u
1313 1473 1398 1545 Son·

156 1576 286 1650 tisst'mo
312 1575 422 1648 Numa
447 1572 484 1646 di
511 1575 598 1648 cusai
623 1576 697 1648 otto
721 1576 787 1669 flua
813 1574 850 1649 di
876 1577 1041 1650 ciascuno
1065 1579 1137 1652 Avo
1161 1581 1298 1654 Mariae
1316 1601 1396 1674 que·

155 1691 212 1762 stu
238 1683 513 1778 montoranto
538 1686 700 1760 ciascuuo
724 1687 832 1768 uoltu,
857 1688 894 1760 iu
920 1689 976 1760 rui
1000 1689 1030 1762 st
1049 1692 1395 1782 pronunciatione

157 1799 277 1874 comet
1341 1839 1345 1858 «

229 1909 491 1986 Eminentissimi
525 1911 656 1995 Patres,
683 1918 760 1984 voto
786 1911 887 1986 unius
912 1931 957 1986 ex
982 1914 1236 1991 consultoribus
1269 1919 1394 2005 audito,

154 2022 430 2118 respondendum
456 2022 728 2097 essedariorum
760 2023 837 2096 «Ab
862 2024 1035 2117 primum»
1060 2025 1265 2103 Affirmativa
1295 2031 1395 2105 etiam

153 2155 216 2230 pro
241 2153 310 2210 uon
336 2133 563 2208 confratribus
589 2134 667 2208 «nd
691 2134 905 2208 secundumn
930 2137 967 2208 in
985 2145 1062 2211 voto
1084 2138 1291 2222 consultoris
1316 2141 1394 2214 «no

155 2248 578 2322 nenium21oxuvotum
604 2247 857 2321 consultoris».
884 2249 981 2320 Facta
998 2249 1110 2341 itaqua
1136 2269 1196 2343 per
1222 2271 1277 2325 ms
1296 2252 1395 2325 inira·

153 2362 316 2454 scriptum
341 2361 416 2434 Sao.
448 2359 721 2452 congregationis
754 2361 978 2432 secretarium
1009 2368 1199 2454 opportuna
1228 2362 1272 2437 da
1297 2383 1394 2456 praa·
1443 2377 1445 2382 ’

154 2471 268 2550 missis
294 2471 452 2546 rotatione
477 2471 695 2544 sanctissimo
720 2471 864 2543 Domino
889 2472 1009 2546 Nostro
1034 2473 1093 2546 Pio
1118 2475 1245 2548 PP.1X
1270 2475 1305 2548 iu
1329 2475 1397 2550 Au·

154 2582 279 2657 dientia
305 2580 370 2657 diei
390 2587 434 2654 ii
453 2581 619 2658 currentis
644 2581 778 2674 Aprilis
797 2581 960 2654 Sanctitas
977 2582 1044 2653 Sua
1060 2583 1241 2674 praefatam
1259 2601 1397 2677 respon·

154 2697 285 2770 sionem
300 2693 411 2786 quoad
428 2694 572 2786 primum
590 2692 729 2768 dubium
748 2692 950 2787 approbans,
970 2701 1041 2767 tum
1059 2695 1180 2769 bituris
1197 2696 1393 2788 Priviiegiati

154 2807 364 2882 sanctissimi
388 2805 516 2880 Rosarii
541 2821 664 2898 nempe
689 2805 829 2898 gratiam
854 2824 915 2898 pro
941 2806 1099 2880 cornibus
1116 2806 1394 2882 christifidelibus
1442 2799 1445 2809 ‘

154 2920 269 2994 fauore
293 2917 504 2992 confratrum
529 2917 758 3002 sacerdotum,
785 2917 827 2990 de
853 2936 922 3008 quo
947 2917 982 2988 in
1007 2917 1156 2990 secundo
1181 2916 1294 3003 dubio,
1321 2925 1394 2992 tum

152 3050 278 3124 nempe
303 3029 528 3122 indiligentius
553 3030 596 3104 da
622 3029 745 3122 quibus
763 3029 951 3121 agiturnro
977 3028 1125 3120 qualibet
1150 3027 1232 3102 vico'
1249 3031 1393 3104 Sanctis·

154 3145 280 3218 simum
304 3143 433 3216 Nomou
458 3144 538 3216 Jesu
563 3143 598 3214 in
623 3141 692 3217 fine
716 3140 895 3233 cujustibet
919 3139 1097 3231 ungaricae
1122 3141 1335 3214 salutationis
1358 3143 1394 3216 in

154 3255 346 3332 recitatione
362 3255 491 3328 Rosarii
508 3273 528 3326 a
544 3254 773 3329 confratribus
790 3253 980 3327 invocatum
998 3252 1096 3326 tuerit
1113 3253 1242 3336 lucrari,
1264 3252 1307 3328 dc
1324 3273 1393 3346 quo

150 3370 190 3444 in
215 3367 313 3442 tertio
337 3367 458 3452 dubio,
484 3367 519 3440 in
550 3372 752 3460 perpetuum
778 3363 1029 3458 intelligendum
1063 3383 1140 3438 esso
1165 3363 1311 3457 benigno
1336 3364 1393 3440 du·

153 3479 300 3563 claravit,
326 3486 427 3571 atque
452 3479 644 3553 auctoritato
669 3497 730 3552 sua
746 3477 937 3571 apostolica
953 3477 1128 3550 concessit.
1147 3477 1315 3551 Praesenti
1333 3495 1390 3550 na·

151 3594 253 3668 lituro
278 3591 407 3684 absque
432 3591 497 3665 uita
522 3592 637 3666 Brevis
663 3590 888 3684 expeditione.
914 3590 989 3663 Non
1014 3589 1224 3664 obstantibus
1250 3589 1285 3660 in
1310 3606 1389 3663 oon·

153 3703 295 3778 barium
319 3702 516 3777 iacientibus
541 3704 822 3795 quibuscumque.
848 3700 970 3774 Datum
994 3701 1120 3774 Romae
1145 3718 1188 3774 ex
1209 3700 1391 3774 secretaria

152 3815 309 3910 eiusdem
334 3815 408 3890 Sac.
435 3814 598 3908 monog.
624 3813 753 3906 induig.

803 3927 839 4000 F.
866 3926 970 4001 cmo.
995 3923 1169 4008 bsommos
1193 3923 1316 3996 Ponam

866 4039 907 4112 Α.
937 4036 1097 4109 columbo
1125 4035 1247 4108 secret.
