3134 4918
750 326 796 342 -
825 293 894 360 ,loe
922 324 967 340 -

244 437 394 522 tempore
424 427 559 500 ltosaria
584 427 823 512 benedicendi,
843 435 944 520 atque
968 426 1030 498 illis
1052 432 1230 499 consuetas
1253 425 1484 519 lodulgenoas

244 539 517 725 appliffffnillltrum
543 651 681 742 quando
710 653 880 724 Stolioues
911 653 989 724 Viae
1017 651 1133 724 Crucis
1159 652 1322 725 cononice
1347 658 1486 726 erectae

247 763 471 857 desipnantur
492 782 557 855 per
583 762 735 855 depictos
767 764 957 856 lmupiues,
984 761 1223 855 ludulpentiae
1255 762 1368 836 dictae
1404 765 1487 836 Viae

246 877 363 950 umen
387 877 455 949 siut
480 874 639 948 adnexae
660 874 849 968 praedictis
875 875 1099 968 lmopinious,
1126 895 1173 948 au
1198 895 1278 950 nero
1306 877 1382 949 lacn
1418 877 1487 968 ipsi

242 989 280 1060 in
305 1007 373 1084 quo
399 988 644 1060 collocantur?

317 1101 391 1172 Sao.
418 1099 638 1191 congregatio
664 1098 837 1192 respondit
862 1100 1045 1191 ‹Negative
1070 1098 1182 1191 quoad
1209 1106 1389 1191 utramque
1410 1119 1488 1192 par·

246 1219 338 1301 lem;
365 1211 488 1286 etenim
513 1211 742 1302 Indulgentiae
768 1212 930 1284 Crucibus
956 1219 1085 1284 lantum
1111 1217 1190 1284 sunt
1214 1211 1376 1296 adnexae,
1396 1231 1487 1304 qnae

244 1324 381 1417 quidem
408 1330 537 1396 tantum
562 1331 641 1396 suot
665 1323 933 1408 benedicendae,
960 1324 1098 1397 minime
1124 1341 1204 1397 roro
1229 1325 1397 1415 imagines
1425 1343 1487 1416 per

244 1455 329 1529 quas
355 1436 571 1527 designantur
597 1437 814 1510 stationes».

320 1548 369 1621 3.⁰
400 1549 519 1620 Utrum
537 1548 676 1638 quaudo
690 1549 894 1642 praedictae
911 1550 1084 1642 lmopines
1103 1547 1145 1622 de
1162 1549 1235 1622 loeo
1249 1549 1366 1640 primo
1385 1567 1486 1622 areuna

242 1666 374 1742 nentur,
402 1666 433 1734 et
458 1662 497 1752 iu
521 1661 591 1734 ulio
618 1666 841 1753 reponuntur,
869 1681 907 1736 ea
933 1662 1006 1754 ipso
1033 1666 1157 1734 cessem
1183 1659 1463 1752 indutpentiaet

317 1771 551 1866 Respondetur
576 1772 818 1858 ‹Affirmativa
844 1773 874 1846 si
899 1774 1040 1847 verbnm
1067 1773 1110 1846 sit
1134 1771 1177 1845 de
1201 1771 1376 1858 CrucibuS,
1395 1779 1436 1846 ut
1454 1775 1486 1846 in

245 1884 394 1958 secundo
419 1882 543 1957 dietum
569 1889 667 1958 est».
762 1957 765 1964 ,
1118 1939 1124 1952 .

320 1995 369 2067 l.⁰
390 1996 509 2068 Utrum
526 1996 562 2068 in
575 1996 755 2089 praedicto
774 2017 855 2071 cusu
872 1996 1112 2089 tudalpentiue
1132 2003 1337 2070 remaneant
1352 1996 1486 2090 affixae

246 2111 320 2184 loeo
342 2107 470 2201 primo,
498 2128 546 2179 au
571 2129 650 2182 uero
676 2116 863 2200 sequantur
889 2110 1090 2202 lireopines?

318 2218 552 2313 Respondetur
576 2221 640 2293 «Si
662 2222 827 2295 stationes
859 2222 940 2294 Viae
966 2221 1082 2294 Crucis
1116 2239 1176 2315 per
1201 2221 1326 2296 Cruces
1352 2231 1487 2298 ereotm

246 2352 264 2406 a
289 2333 362 2406 loco
387 2338 641 2417 removeantur,
666 2333 725 2408 ubi
750 2334 910 2408 meoniae
939 2340 1069 2406 erectae
1093 2333 1235 2418 luerint,
1261 2339 1295 2408 et
1321 2334 1353 2408 in
1381 2335 1486 2408 alium

245 2441 495 2528 transferantur,
522 2441 750 2536 Indulgentiae
775 2464 838 2519 neo
855 2448 963 2538 primo
981 2445 1053 2518 loco
1074 2445 1195 2520 affixae
1212 2454 1399 2532 remanent,
1421 2466 1486 2521 nec

244 2557 369 2629 Cruces
394 2562 593 2646 sequnntur,
621 2557 681 2630 sed
707 2576 794 2629 nova
820 2559 977 2631 canoniea
1004 2558 1126 2631 erectio
1151 2558 1383 2650 requiritur».

319 2665 370 2739 5.⁰
399 2667 517 2739 Utrum
543 2667 682 2758 quondo
695 2669 899 2761 praedictae
915 2671 1088 2762 tmopiues
1100 2671 1263 2763 primitus
1284 2670 1483 2744 benedictae

247 2780 384 2852 omuino
406 2784 570 2876 pererrat,
597 2785 659 2853 aut
680 2784 818 2874 penitus
843 2783 1028 2864 tolluntur,
1054 2781 1200 2874 suffiunt
1225 2784 1381 2877 ipsarum
1406 2786 1484 2856 tneo

245 2891 445 2964 substituere
470 2909 578 2964 nouus
603 2894 776 2986 lmopines
794 2913 871 2966 cum
887 2895 1036 2987 simplici
1052 2892 1283 2967 benedictinae
1303 2896 1375 2968 sine
1391 2915 1484 2968 nona

246 3003 422 3086 erectione,
449 3021 497 3076 uu
521 3022 601 3076 uero
628 3008 819 3078 necessaria
844 3007 887 3080 sit
912 3025 1004 3079 noua
1027 3005 1178 3098 facultas
1204 3006 1390 3098 eripendit

318 3114 551 3208 Respondetur
575 3117 636 3188 «Si
653 3117 777 3190 Cruces
793 3118 947 3209 primitus
959 3117 1156 3191 benedictae
1173 3118 1310 3191 omnino
1328 3125 1483 3211 pereunt,

248 3226 367 3299 iterum
386 3228 543 3299 canonica
557 3229 680 3300 erectio
699 3230 885 3302 necessaria
903 3235 972 3318 est3
989 3229 1017 3301 si
1036 3236 1174 3321 pereant
1186 3247 1230 3302 ex
1244 3230 1365 3302 minori
1379 3237 1484 3322 parte,

247 3339 322 3411 licet
349 3339 427 3410 alias
454 3339 518 3410 illis
545 3340 749 3413 substituere
776 3340 904 3432 absque
930 3341 996 3413 nlla
1021 3340 1253 3414 benedictinae
1267 3361 1277 3430 ;
1302 3343 1332 3413 si
1348 3343 1484 3434 penitus

247 3451 406 3524 tolluntur
432 3451 542 3541 aliquia
568 3453 723 3544 peculiari
751 3455 889 3537 ratione,
908 3460 941 3524 et
956 3453 999 3525 ad
1018 3461 1150 3544 tempus
1167 3459 1296 3525 tantum
1314 3460 1351 3526 ul
1372 3453 1483 3526 denuo

247 3562 356 3636 eidem
382 3563 455 3636 loeo
480 3564 713 3648 restituantur,
740 3585 803 3638 noo
836 3565 1021 3650 erectione,
1048 3583 1111 3636 nee
1136 3564 1369 3638 benedictione
1397 3581 1482 3656 opus

248 3680 300 3750 est
325 3673 367 3748 ad
393 3674 619 3766 indulgentias
647 3677 945 3752 lncrilaciemlas».
972 3679 1019 3750 lla
1045 3675 1223 3757 declaravit
1247 3677 1320 3750 Sao.
1339 3676 1483 3766 Congre-

245 3786 332 3878 gatio
358 3785 412 3862 die
439 3791 486 3860 30
512 3789 657 3861 ianuarii
686 3794 792 3863 1839.

738 3916 987 3991 CDLXXXllll.

682 4047 835 4102 nonnis
868 4047 1047 4101 nnnnnrs

321 4134 367 4210 Ν.
393 4137 437 4210 Ν.
464 4138 632 4213 dioecesis
657 4141 783 4214 Montis
810 4141 949 4233 itepolis
975 4141 1045 4213 tria
1071 4135 1155 4212 lcoec
1173 4135 1280 4214 dubio
1299 4140 1373 4214 Suc.
1391 4135 1480 4210 Con·

248 4249 442 4340 crepationi
463 4253 643 4345 proposuit
670 4251 864 4328 enodanda.
