3130 4920
793 363 1011 428 -306-

620 573 837 641 ouationes
859 577 907 640 ΕΤ
928 575 1177 642 ΑΝΤΙΡΗΟΝΑΕ

368 729 407 776 ΑΒ
429 727 588 778 tetanos!
609 727 625 774 Α
648 727 814 776 ΒΕΡΕΝΉΝᾸ
835 727 936 776 monta
957 727 1176 776 UBERKHONEH
1197 727 1425 791 Acaouoonttn,

583 821 673 870 lassu
695 823 720 870 S.
742 823 772 868 Ι.
796 822 961 870 coenantis
982 821 1013 868 xl
1036 821 1208 870 contactio

555 918 573 964 Α
594 917 622 964 Β.
643 916 773 965 JOSEPHO
795 915 887 964 Dente
908 915 1067 966 cenatum!
1088 915 1241 966 Tuomst

354 1068 496 1142 Euonoti
520 1087 582 1141 nos
607 1070 698 1141 Dens
724 1069 890 1141 solutoris
914 1072 1038 1149 nasta,
1066 1072 1098 1139 et
1122 1087 1164 1139 ne
1190 1066 1261 1140 dies
1278 1073 1410 1143 nostros
1434 1075 1503 1143 onte

280 1183 375 1278 finiri
392 1182 529 1272 iubeas,
556 1199 663 1272 quam
682 1185 830 1274 peecata
848 1181 1013 1263 dimittas,
1032 1183 1064 1253 et
1081 1181 1164 1271 auia
1180 1180 1217 1252 in
1234 1179 1373 1274 interno
1399 1199 1502 1275 snper·

279 1297 352 1388 tlaa
364 1295 577 1388 poenitentia
594 1298 652 1376 esi,
671 1299 703 1366 et
719 1296 853 1366 nuttam
877 1295 1028 1386 spatium
1053 1291 1269 1384 corripmeli;
1296 1291 1375 1368 lino
1393 1299 1424 1368 te
1438 1315 1504 1388 sup

276 1407 384 1501 pliees
407 1425 584 1500 ropomus,
602 1411 635 1480 et
646 1408 805 1500 petimus,
824 1411 862 1478 nt
878 1407 938 1478 uiri
955 1405 1018 1478 elas
1043 1407 1194 1499 spatium
1219 1407 1447 1499 supplicanti,
1457 1408 1504 1498 in·

281 1521 361 1594 beas
386 1524 419 1593 et
438 1524 584 1614 peooota
611 1518 747 1592 dineitti.
774 1521 841 1591 Per
868 1517 1039 1592 Christum
1063 1519 1250 1590 Dominam
1276 1520 1451 1592 Nostram.

354 1633 477 1706 Aoerte
501 1632 659 1714 Domine,
687 1651 890 1723 quaesumus
908 1629 1102 1726 eiulatibus
1127 1631 1194 1704 tuis
1219 1636 1358 1704 cunctos
1374 1635 1504 1706 mnua-

279 1750 333 1819 tns
358 1761 502 1826 errores,
530 1747 562 1817 et
587 1744 811 1818 saevientium
835 1745 1036 1816 morborum
1052 1745 1267 1836 repentinam
1284 1743 1415 1838 depelle
1434 1763 1504 1838 per·

280 1857 413 1939 nioiem,
439 1861 478 1929 nt
503 1875 590 1948 qnos
606 1859 728 1930 merito
753 1859 911 1950 tlapellas
928 1856 1054 1939 lenias,
1070 1857 1186 1949 [aneas
1212 1859 1274 1930 lna
1299 1858 1505 1932 miseratione

281 1971 460 2044 correctos.
487 1969 554 2042 Per
578 1970 766 2042 Dominam
791 1976 852 2043 eto.
1307 1979 1310 1986 ’

806 2083 997 2176 Antiphone

355 2193 483 2268 Anima
507 2213 586 2268 mea
611 2213 704 2268 oessa
713 2196 793 2287 iam
805 2215 972 2290 paeonem
998 2195 1113 2287 capita
1139 2191 1181 2266 do
1205 2194 1390 2268 subitanea
1407 2199 1505 2268 tram·

276 2307 449 2401 positione
474 2306 523 2380 ad
556 2312 698 2380 aeterna
729 2312 909 2381 tormenta.
937 2307 990 2380 lbi
1015 2307 1105 2379 enim
1130 2325 1199 2378 nan
1224 2308 1411 2400 suscipitur
1434 2325 1504 2400 poe·

281 2421 444 2502 nitentia,
480 2439 540 2493 neo
567 2421 788 2514 lucrifaciunt
820 2422 1005 2512 toorpmae.
1045 2421 1137 2491 Dum
1164 2423 1295 2512 tempus
1319 2419 1420 2494 adest
1443 2436 1508 2493 aon·

283 2539 425 2616 natare,
452 2533 568 2607 alama
594 2533 719 2616 disens,
746 2535 836 2606 Dens
861 2551 955 2606 meus
980 2533 1240 2606 misereremei.

807 2645 998 2738 Antiphone

356 2754 474 2829 Media
498 2755 572 2829 vita
597 2757 635 2828 in
659 2761 769 2830 marte
794 2776 927 2840 snmus,
955 2775 1055 2850 qoem
1085 2757 1282 2848 quaerimus
1311 2753 1506 2850 adjutores,

281 2867 348 2940 nisi
364 2872 408 2949 te,
426 2869 582 2952 Domine,
600 2869 660 2960 qni
677 2889 741 2963 pro
756 2871 1046 2962 peccatisnostris
1063 2869 1248 2944 irasceris?
1273 2865 1403 2944 Sonate
1419 2873 1506 2948 Dens

284 2981 408 3054 Sancte
440 2980 549 3076 sortis,
585 2983 708 3055 Sancte
740 2983 941 3066 misericors,
978 2983 1141 3056 Salvator
1174 3001 1321 3057 amarae
1351 2981 1453 3058 morti
1474 2997 1507 3052 ne

283 3092 407 3167 traaas
432 3112 503 3166 nos.

357 3211 392 3277 i.
417 3206 471 3280 Ne
496 3207 606 3279 subito
631 3209 877 3301 praeoccupati
903 3208 958 3281 elie
982 3209 1114 3290 mortis,
1142 3225 1352 3301 quaeramus
1372 3206 1508 3303 spatium

278 3319 523 3412 poenitentiae,
550 3323 582 3391 el
607 3319 759 3393 inuenire
782 3339 851 3393 non
872 3323 1049 3414 possimus.

357 3451 390 3512 ιι.
418 3429 562 3504 Attente
589 3431 732 3504 Domine
758 3438 790 3506 ot
814 3435 973 3507 miserere
999 3435 1082 3525 qnia
1107 3433 1323 3528 peeaaoimus
1349 3433 1423 3507 tilri.

811 3651 1001 3704 OREMUS

354 3767 526 3861 Populum
558 3772 665 3850 tuum,
700 3787 903 3860 quaesumus
938 3771 1156 3864 Omnipotens
1188 3772 1278 3844 Deus
1304 3771 1350 3843 ab
1377 3771 1433 3844 ira
1456 3769 1505 3839 tua

282 3879 332 3954 aa
357 3885 389 3953 te
414 3878 663 3972 oompnpientem
685 3887 837 3974 paterna
861 3885 974 3977 reoipe
998 3885 1137 3976 pietate,
1163 3888 1201 3956 ut
1226 3883 1286 3975 oui
1311 3885 1394 3956 luae
1417 3878 1506 3966 nmio

282 3991 380 4064 stolis
403 3992 544 4083 tlapelta
569 3993 605 4064 io
633 3996 812 4086 repentina
837 4002 946 4068 morte
962 3996 1155 4090 formidant
1177 3995 1219 4069 de
1236 4001 1297 4069 tna
1321 3997 1506 4069 manumet

282 4103 384 4178 uenia
409 4104 594 4195 protelari.
622 4105 688 4177 Per
715 4105 888 4178 Christum
914 4109 1099 4180 Dominum
1125 4109 1302 4182 Nostrum.

355 4213 524 4287 Ecclesiae
557 4219 648 4298 tuoe,
682 4235 885 4308 quaesumus
912 4219 1131 4312 Omnipotens
1164 4223 1254 4294 Deus
1275 4221 1439 4313 placatos
1460 4215 1503 4286 in·

285 4325 382 4404 tende
408 4329 598 4412 conventui,
617 4334 651 4404 et
666 4331 904 4406 misericordia
922 4338 983 4407 tuo
1000 4351 1061 4408 nos
1082 4334 1199 4427 potins
1224 4349 1329 4426 quom
1346 4333 1405 4406 ira
1417 4343 1506 4424 proe-
