3130 4920
562 330 780 399 -atl-

78 463 287 540 lonmltornm
307 463 409 550 rotis
435 465 659 562 omnibusque
683 473 814 541 maturo
839 465 1011 560 expensis,
1035 467 1166 544 consuit
1180 467 1282 545 icere

76 577 303 672 angmelatum
329 579 485 652 ellectum
509 579 749 663 Eucharistiam
775 597 910 654 sumere
936 580 970 653 in
994 581 1167 674 pervigilio
1191 579 1282 656 iesti-

75 689 175 764 naus:
188 709 258 784 quo
271 707 353 765 sero
370 691 414 764 ad
429 691 565 784 petitam
579 693 835 786 explicationem
847 691 1125 786 respondentium
1139 696 1280 770 censuit.

128 801 232 876 limo
257 807 454 876 remanente
476 804 617 878 Decreto
643 809 665 875 9
686 804 881 880 Decembris
901 809 995 878 lllltl
1021 824 1084 898 pro
1108 805 1150 880 iia
1174 805 1281 882 uncl-

73 912 128 1000 lns,
149 916 205 1008 qni
232 915 277 988 ad
292 915 545 992 contessionem
562 917 680 990 saltam
697 919 802 992 semel
819 918 853 992 in
869 917 1081 994 hebdomada
1099 917 1279 994 moenum:

71 1043 117 1116 pro
136 1029 275 1102 metens
300 1025 612 1113 antenodorum,
646 1029 680 1102 iu
712 1029 811 1115 locis,
836 1030 872 1103 in
904 1030 1029 1122 unibus
1061 1029 1105 1104 oh
1134 1030 1280 1122 inopiam

71 1135 336 1212 lonleseariomm
361 1147 536 1230 nequenut
560 1138 676 1213 finales
702 1140 896 1231 nonnemo
921 1141 1139 1228 confessione
1163 1141 1280 1219 Secia·

70 1251 180 1324 mentali
205 1251 353 1344 expiari3
378 1236 627 1344 postulantibus
653 1252 918 1325 communicetur
944 1252 1068 1328 dictum
1091 1251 1279 1338 Decretum,

69 1365 93 1428 et
111 1359 188 1434 uno
212 1366 318 1438 verbo
344 1383 422 1438 cnm
448 1364 665 1438 sanctissimo
690 1363 890 1444 extendatur
905 1364 949 1438 acl
969 1383 1088 1439 omncs
1103 1365 1279 1456 utriusmrc

68 1489 149 1546 serm
171 1475 424 1562 Christifldelm
450 1477 540 1552 undo
566 1476 733 1552 confessio
758 1483 891 1569 peracta
921 1477 1004 1550 inira
1029 1476 1277 1550 hebdomadam

67 1591 125 1658 ante
145 1585 355 1663 mutatem
381 1589 555 1680 suffragari
584 1589 692 1681 possit
717 1587 760 1660 ad
791 1587 1044 1680 indulgen-liam!
1064 1587 1276 1674 lucrandam,

66 1695 185 1788 erneis
209 1699 283 1772 allis
309 1699 555 1776 conditionibus
579 1701 747 1792 injunctis,
774 1707 809 1774 ot
832 1699 1016 1774 dommodo
1035 1701 1159 1774 nullius
1176 1701 1278 1774 letha·

65 1804 225 1904 isculpae
251 1819 327 1904 post
353 1819 520 1905 peractam
546 1811 797 1885 contessionem
823 1813 1023 1886 commissae
1048 1812 1173 1886 conscii
1188 1812 1274 1898 sint,

64 1917 128 1991 ninii
150 1923 342 1996 innovando
367 1925 453 1996 circa
470 1923 696 2014 Indulgentiae
713 1923 757 1996 ad
772 1924 913 1996 immam
928 1925 946 1997 J
949 1924 1068 1999 annaei
1085 1943 1274 2010 concessas,

64 2033 141 2105 ntin
164 2035 261 2108 citato
286 2035 427 2109 Decreta
453 2041 475 2107 9
501 2035 696 2109 Decembris
725 2038 830 2109 lino.

119 2145 280 2240 locoque
306 2149 410 2222 verbo
434 2165 513 2221 cnm
530 2149 747 2220 sanctissimo
764 2149 798 2232 io
821 2147 997 2223 Audieotia
1014 2149 1127 2223 lrabila
1142 2165 1204 2246 per
1219 2168 1275 2224 me

63 2253 287 2352 minutulum
312 2261 535 2334 secretam
560 2261 615 2332 die
642 2265 682 2332 ll
712 2259 802 2338 Junli
829 2264 935 2345 l822,
953 2261 1116 2334 Sanctitas
1132 2263 1274 2348 Suasa.
1356 2259 1361 2270 ’

61 2383 123 2442 crae
144 2371 412 2466 &segregationis
429 2373 706 2474 votumgbenigne
722 2373 928 2466 approbarit,
947 2393 986 2448 ac
1003 2373 1272 2470 publicarlmau·

60 2475 145 2554 lant.
168 2483 288 2559 ilatum
312 2486 439 2559 Romae
455 2503 499 2560 ex
516 2485 699 2560 maetam
718 2485 871 2578 eiusdem
895 2487 969 2561 Sac.
997 2485 1274 2578 congregationis

61 2589 324 2686 indulgentiarum
351 2595 405 2670 dle
433 2599 478 2668 la
503 2597 592 2669 lunii
621 2601 725 2670 luta.

506 2709 546 2782 G.
572 2709 678 2782 caan.
702 2709 752 2782 Aa
776 2697 884 2782 Aaou
910 2710 1071 2782 lauram
1099 2709 1222 2786 amer.

518 2821 588 2892 Pro
604 2822 645 2894 il.
663 2821 702 2894 Ρ.
719 2821 763 2902 D.
779 2821 961 2896 Beroordo
983 2821 1053 2915 ligo
1072 2825 1196 2898 soeret.
1219 2825 1225 2884 -’

418 2981 421 3003 1
478 2934 600 3008 Petraeo
633 2933 825 3010 camnine
859 2935 1012 3010 Torroco
1044 2935 1249 3010 mosim

574 3143 737 3218 CDXXX

543 3315 773 3370 uranaarau

119 3491 269 3578 Qnamris
286 3491 455 3585 quaelibet
470 3493 668 3566 Sanclomm
685 3492 870 3586 Corporum
888 3509 966 3584 pars
982 3491 1195 3566 venamiooc
1210 3508 1266 3566 co·

62 3595 140 3673 eona
161 3606 203 3679 sit
226 3605 341 3680 «loce
366 3611 416 3679 ost
440 3607 530 3678 oraim
563 3607 768 3678 Sanctorum
794 3605 926 3696 glorio,
953 3618 1099 3694 quorum
1123 3605 1184 3676 etsi
1199 3621 1269 3697 ger

67 3707 238 3790 minumae
262 3717 431 3792 Montium
459 3719 643 3791 seminetur
674 3717 711 3789 io
735 3717 905 3790 cineribus
925 3717 1054 3809 portio,
1079 3719 1194 3789 monci
1217 3720 1269 3790 to·

64 3839 122 3898 uro
142 3831 276 3924 integro
300 3833 338 3904 io
362 3831 544 3904 uirtutibus
555 3827 761 3922 plenitudo·
784 3827 888 3902 nihilo
904 3833 1017 3901 umen
1033 3828 1143 3900 aeolos
1162 3827 1268 3918 maha

65 3937 129 4014 toln
149 3959 223 4018 osso
260 3941 411 4018 [idolium
437 3939 571 4016 devotio
595 3961 674 4036 erga
699 3941 866 4032 integrum
891 3939 1028 4032 ancujus
1051 3938 1162 4010 Sancti
1187 3938 1267 4014 Cor·

66 4063 123 4136 ons,
144 4061 197 4130 ant
220 4053 382 4149 Ejusdem
405 4039 558 4128 membra
577 4053 773 4147 praecluum
790 4051 842 4124 An
861 4057 971 4124 antam
988 4049 1071 4122 haec
1086 4049 1172 4122 inter
1187 4066 1268 4126 cru·

63 4165 194 4240 omnm
218 4170 286 4242 sint
302 4168 473 4242 Facmorls
489 4167 585 4252 Ossa,
603 4171 640 4239 ot
655 4165 756 4238 veluti
773 4163 924 4256 Reliquia
939 4161 1079 4253 insignia
1093 4161 1266 4251 habeatur,

62 4284 75 4342 l
95 4275 243 4373 &pitulo
269 4289 304 4357 et
321 4279 499 4357 Gauonlois
515 4279 713 4374 collegiatae
728 4275 894 4353 Ecclesiae
910 4275 968 4350 SS.
985 4273 1116 4361 Luciae,
1132 4280 1167 4348 ct
1181 4275 1266 4352 Fan·
