3134 4918
578 371 795 440 -tbs-

139 507 188 580 2⁰
214 509 398 586 Mffiortes
409 527 477 602 pro
492 507 688 599 ininsrnocii
704 508 927 587 erectionibus
950 509 1026 603 ficri
1041 527 1084 584 ne
1104 507 1225 588 debent
1245 511 1302 586 cni

86 619 204 711 iniere
220 625 257 698 in
273 624 409 715 scriptis
434 623 493 696 snb
514 641 631 716 poeno
647 622 816 697 notiitotis
833 623 1065 706 concessionis,
1083 624 1138 698 oei
1153 621 1297 716 sufficiet

85 733 156 824 pot
179 735 278 827 [octo
302 736 370 813 sint
395 737 580 810 ordesos?

136 848 209 920 Sao.
236 848 457 941 (Ξουετθεειίο
488 846 664 941 respoudit
689 847 933 940 «Quamquam
957 847 993 920 iu
1025 848 1169 942 scriptis,
1194 866 1233 925 ee
1257 848 1301 926 tio

82 975 229 1036 mseusu
249 961 425 1046 ordinarii,
451 967 485 1034 et
509 960 573 1034 ioci
598 960 729 1054 patroni
746 959 892 1052 optensis
917 960 960 1032 sit
984 961 1109 1053 petitio,
1135 961 1300 1041 mrumst

81 1079 229 1158 netem
255 1073 322 1148 suis
346 1092 454 1166 pomo
479 1073 655 1153 uuiiitatis:
682 1073 886 1164 Neptno».

137 1186 187 1260 ³?
214 1188 253 1260 Si
270 1187 466 1278 injonnoeti
482 1188 606 1262 erectio
631 1187 731 1262 nnita
748 1185 928 1279 detepctnr
944 1187 987 1260 ob
1005 1188 1220 1266 onisionen
1237 1187 1298 1264 cio·

81 1300 209 1375 ononi
235 1300 273 1374 in
298 1299 434 1393 scriptis
457 1300 538 1372 totis
563 1299 794 1382 concessionis,
813 1302 845 1371 et
860 1304 1023 1390 nocetne
1048 1301 1295 1390 excessionis,

75 1413 182 1500 poterit
207 1431 252 1488 tte
277 1410 472 1502 iojnnnodi
497 1410 645 1504 desectos
673 1413 710 1484 in
732 1415 919 1504 possessum,
954 1416 1058 1504 utpne
1083 1413 1203 1490 etium·
1214 1418 1297 1507 post

78 1521 198 1615 bnpurn
224 1529 356 1617 ternpus
380 1525 531 1618 snppieri
543 1526 560 1594 i

132 1637 205 1708 Sao.
233 1636 454 1728 congregatio
482 1634 657 1728 respondit
684 1636 910 1728 «suppleatur
935 1635 1126 1710 documenti
1151 1636 1294 1711 detentui

76 1765 121 1838 per
141 1768 247 1822 noras
272 1750 398 1822 litteras
423 1749 653 1830 iustitutionis,
679 1766 741 1822 seu
766 1748 1034 1822 confirmationis
1059 1749 1102 1822 oh
1119 1748 1294 1824 ordinario

75 1861 293 1946 nubcieudos,
321 1860 503 1935 dummodo
528 1867 659 1933 constet
684 1858 819 1933 abunde
844 1860 887 1934 de
911 1865 1053 1951 sequuta
1078 1861 1292 1936 erectione».

134 1972 181 2043 t.⁰
206 1974 268 2044 ibt
294 1991 335 2044 ne
361 1977 491 2065 ternpus
516 1971 794 2052 determinatum,
811 1975 845 2043 et
861 1973 973 2062 quote,
995 1991 1064 2065 pro
1087 1973 1294 2066 confectione

75 2080 254 2158 iocnrnenti
278 2089 441 2176 nuenton
474 2071 653 2158 erectionis
686 2085 881 2157 Stationem
919 2085 998 2157 Viuo
1033 2085 1149 2159 Crucis
1176 2087 1294 2179 sipon

72 2197 244 2288 iportotici
269 2197 400 2272 induiti
412 2199 430 2270 t

132 2310 203 2384 sse.
230 2309 451 2402 congregatio
467 2308 640 2401 respoudit
663 2307 856 2400 ‹Negetiru
873 2306 935 2380 sed
951 2307 1098 2400 expedit,
1116 2315 1153 2384 ut
1175 2327 1292 2401 quoue

71 2419 202 2509 murum
228 2421 422 2501 conficiatur
452 2421 692 2494 documentum
719 2422 815 2512 jorio
839 2419 1065 2511 Apostolicom
1096 2420 1292 2499 Concessio

70 2549 147 2617 neos
171 2553 216 2608 ue
233 2533 335 2608 dubia
351 2535 385 2606 iu
402 2540 575 2625 posterum
600 2533 758 2606 oriantur.
775 2533 817 2604 iit
833 2531 878 2604 itu
895 2538 934 2605 ut
956 2550 1058 2625 supra
1082 2533 1126 2608 oi
1141 2533 1291 2626 superte

68 2651 110 2718 bu
129 2645 231 2722 dubio
246 2646 373 2723 &dem
389 2647 462 2720 Soc.
480 2646 702 2738 congregatio
717 2643 891 2739 respoudit
907 2651 941 2720 et
957 2643 1146 2722 debuerit.
1163 2647 1225 2722 Die
1240 2651 1286 2720 27
1395 2675 1400 2684 ·

67 2757 200 2838 litimi't'i
227 2764 331 2834 tiss.

585 2953 757 3028 cbixxt.

453 3101 583 3156 urcsurr
608 3101 682 3154 noer
708 3101 888 3156 sunnone

129 3209 296 3284 Nonnniii
323 3206 523 3285 Sacerdotes
548 3207 749 3285 Sobontiioc
765 3206 873 3282 bobio
884 3210 1087 3301 proponunt
1104 3208 1182 3280 Soc.
1201 3207 1288 3282 Con·

65 3323 249 3410 bromtoni
273 3319 447 3395 soioencio.
532 3417 534 3420 Ι

132 3432 179 3504 t.⁰
198 3435 319 3509 Utrum
332 3435 368 3508 in
382 3433 515 3508 idioma
532 3434 697 3526 pubiicum
720 3437 851 3506 oertere
868 3433 970 3506 iieeot
982 3451 1100 3527 preses
1117 3429 1287 3523 pnmdorn

64 3559 135 3616 nent
160 3547 382 3640 indumentiis
407 3548 524 3628 iatine,
551 3551 583 3620 ct
608 3547 724 3619 ituiice
748 3547 904 3638 scriptos,
931 3549 963 3618 et
987 3547 1025 3618 in
1049 3545 1149 3628 iibro,
1166 3546 1222 3618 cni
1242 3547 1284 3618 ti·

62 3657 146 3730 tnins
166 3660 334 3734 «iiuocoiio
350 3659 384 3734 di
400 3659 556 3742 oracioni,
574 3659 661 3750 epie
677 3677 779 3750 opere
796 3657 1082 3750 eoii'iuduigoucc
1097 3659 1272 3732 reiotost»

128 3769 179 3840 2⁰
204 3771 323 3845 tirone
352 3771 478 3866 fideles,
505 3769 681 3844 recitonoo
706 3789 822 3862 preces
846 3771 926 3860 jorn
951 3769 1060 3844 botos
1084 3770 1132 3842 sic
1157 3769 1282 3861 pollice

62 3898 184 3964 sersus
206 3883 454 3976 indoipentios,
479 3889 518 3958 ot
537 3885 638 3976 prins
662 3887 743 3955 unte
766 3883 955 3956 consonent
980 3883 1182 3962 tuentur

127 3995 202 4068 Sao.
225 3997 446 4090 Congregatio
478 3995 521 4070 ori
553 3995 698 4090 presiate
723 3994 826 4068 dubia
856 3993 1028 4088 respoudit
1052 3995 1121 4072 sin
1145 3994 1285 4068 Decreto

60 4107 300 4198 approbationis
316 4110 479 4203 opusculi,
497 4109 552 4185 cui
568 4110 682 4190 titulus
699 4109 865 4182 Roccotto
881 4107 918 4180 cti
936 4107 1100 4187 montom
1115 4111 1176 4182 etc.
1192 4126 1211 4179 a
1227 4107 1285 4180 So·

60 4235 112 4289 cra
137 4220 417 4314 indigentiarum
436 4222 699 4314 Oougregotioue
716 4221 840 4314 pluries
865 4219 1018 4312 eruiguto
1034 4236 1073 4290 oo
1089 4219 1284 4312 praesentitur

58 4349 118 4424 pro
141 4332 233 4407 Nouo
256 4334 409 4412 Ediioue
434 4336 499 4411 sub
524 4334 640 4413 dotum
665 4336 791 4410 Romae
811 4332 866 4409 iio
892 4337 939 4407 30
964 4331 1170 4429 Septembris
1189 4336 1283 4406 {837
