3164 4926
784 362 1001 429 -lot-

283 491 465 571 curcedulc
489 491 536 568 du
560 493 672 569 leoco
687 493 724 570 Χ
737 514 756 568 e
771 496 980 590 conformate
997 493 1045 568 du
1060 494 1158 570 molli
1184 495 1315 570 Somroi
1334 493 1506 591 Poatefici,

284 605 328 681 ed
344 608 425 700 oggi
448 612 673 686 armamenta
698 607 759 682 dol
774 609 820 682 N.
841 611 875 682 S.
892 607 1007 682 Perire
1032 608 1214 683 Beoedctto
1240 609 1330 682 Xlll
1343 611 1369 682 il
1385 611 1507 702 giorno

286 721 333 792 30
348 719 466 812 Aprile
491 718 528 793 di
552 718 653 811 guell’
667 737 759 792 uoco
779 723 901 792 1727»
925 721 1130 806 translatum,
1156 720 1291 814 praeuio
1307 719 1456 812 diligenti
1472 739 1510 794 ac

283 837 415 906 maturo
439 831 593 905 examine
617 830 672 905 dle
697 837 719 904 2
744 832 820 906 lulii
843 836 937 904 1751
962 834 1146 926 praelatum
1162 833 1276 906 lolium
1297 851 1511 926 quocumque

285 940 442 1016 idiomate
458 949 492 1017 et
508 961 722 1035 quocumque
747 944 820 1016 loco
843 944 1046 1037 impressum
1063 945 1165 1018 veluti
1190 944 1397 1018 continentes
1412 945 1511 1018 falsas

285 1059 319 1129 et
332 1055 528 1148 apocriphas
540 1055 765 1147 indulgentias
781 1056 953 1149 prohibuit
969 1062 1002 1132 et
1018 1056 1197 1142 damnavit,
1211 1057 1307 1130 sicuti
1323 1056 1404 1132 illud
1419 1075 1514 1152 prae

285 1167 372 1244 senti
395 1168 536 1240 Decreto
560 1166 706 1254 damnat,
732 1175 766 1242 et
790 1168 955 1262 prohihet.

358 1279 532 1354 Praeterea
548 1279 666 1353 eadam
682 1281 915 1374 prohibitionis
931 1287 1009 1354 uota
1025 1280 1158 1355 inclusit
1174 1281 1263 1355 aliud
1274 1281 1400 1366 lolium,
1420 1280 1514 1373 quod

285 1389 478 1467 inscribitur
501 1393 721 1466 ‹smmurio
739 1393 776 1466 di
793 1397 879 1468 tutte
896 1395 927 1468 le
943 1392 1144 1487 indulgence
1158 1411 1307 1468 motasse
1324 1393 1424 1466 doliu
1445 1395 1512 1468 Fet.

287 1505 388 1580 uem.
415 1504 453 1580 di
475 1507 521 1579 N.
547 1503 585 1580 S.
610 1507 719 1580 Paulo
744 1508 802 1578 111
823 1508 897 1581 ullo
929 1506 1003 1579 Vere.
1032 1507 1246 1600 campagnia
1272 1505 1327 1578 del
1353 1507 1512 1580 sunthei-

287 1635 345 1691 mo
373 1619 599 1710 Sugrumeoto
618 1618 673 1692 del
690 1618 801 1712 corpo
819 1618 856 1691 di
874 1617 982 1692 cristo
1008 1637 1102 1692 come
1121 1637 1187 1712 per
1208 1619 1234 1691 li
1249 1619 1353 1691 Brevi
1377 1637 1395 1690 e
1419 1619 1516 1691 Bolle

167 1798 171 1806 .
288 1727 503 1823 Apostolicie
536 1748 680 1824 appare,
707 1729 956 1804 chederhole
987 1749 1069 1804 seeo
1095 1732 1133 1804 io
1158 1731 1268 1805 Romo
1297 1731 1390 1804 celio
1424 1728 1515 1802 detto

291 1840 516 1936 campagnia,
541 1841 602 1916 cite
618 1843 636 1916 d
651 1842 745 1917 celtu
772 1841 893 1918 Chiaca
918 1843 1012 1919 dolio
1036 1845 1203 1918 Minerua.
1220 1844 1263 1916 lo
1278 1843 1345 1916 lesi
1357 1861 1424 1937 per
1443 1842 1514 1915 llio.

288 1954 439 2028 Radalo
465 1954 507 2028 de
534 1955 626 2029 Giuli
652 1956 871 2050 Siumputore
893 1957 1030 2051 publico
1056 1957 1220 2032 Vescoviie
1248 1960 1337 2028 1711
1365 1984 1378 2018 ι
1402 1961 1515 2047 utpote

289 2066 454 2141 exhihens
478 2067 703 2160 indulgentias
727 2070 781 2144 rel
806 2069 1024 2163 apocryphas,
1041 2070 1094 2143 rel
1110 2068 1240 2154 duhias,
1267 2068 1320 2141 vel
1335 2073 1515 2150 revocatas,

289 2178 469 2254 etidcirco
493 2181 657 2254 recensita
682 2181 756 2254 lolia
781 2181 1021 2276 proserihauda
1044 2181 1177 2256 censuit
1201 2180 1266 2254 suh
1282 2181 1400 2274 poenis
1421 2180 1457 2254 in
1470 2181 1517 2253 ln·

289 2287 364 2364 dica
388 2291 549 2365 hhrorum
573 2292 816 2384 prohihitorum
841 2293 1017 2368 contentis.

364 2403 537 2491 Quinimo‚
563 2410 601 2478 ut
624 2405 733 2479 omnis
758 2405 793 2478 in
818 2412 993 2499 posterum
1018 2405 1140 2480 erroris
1169 2422 1208 2477 ac
1232 2402 1441 2497 deceptionis
1466 2419 1517 2476 oc·

290 2515 381 2588 casio
405 2516 546 2602 tollatur,
572 2516 719 2592 districte
742 2517 925 2610 prohihutt,
951 2535 995 2591 ne
1020 2517 1102 2590 aliae
1127 2509 1354 2607 indulgentiae
1371 2533 1467 2600 voce,
1484 2532 1518 2587 ac

290 2628 413 2721 scripto
439 2629 646 2719 erulgentur,
671 2647 733 2723 pro
753 2629 919 2702 sodalitiis
932 2629 1137 2704 sanctissimi
1152 2628 1379 2703 Eucharistiae
1403 2627 1518 2702 Sacra·

290 2741 404 2824 menti,
432 2758 471 2812 ac
495 2759 556 2833 pro
581 2741 738 2816 omnihus
754 2743 929 2834 utriusque
946 2761 1050 2816 sexus
1064 2741 1351 2827 Christilidelihus,
1366 2742 1427 2833 qui
1440 2759 1519 2815 non·

291 2851 390 2924 nullis
414 2851 479 2944 piis
504 2852 662 2945 operibus
686 2853 721 2926 in
745 2854 920 2939 honorem,
946 2861 979 2928 et
998 2855 1125 2928 cultum
1147 2850 1299 2946 ejusdem
1316 2850 1520 2928 sanctissimi

291 2963 518 3039 Eucharistiae
543 2966 747 3040 sacramenti
773 2967 972 3055 ramnerici,
999 2974 1130 3060 praeter
1155 2985 1223 3050 eas.
1250 2967 1398 3058 quaein
1425 2967 1520 3038 Sum·

293 3075 398 3150 mario
424 3094 442 3148 a
468 3075 541 3150 Sao.
576 3077 839 3171 congregatione
871 3079 1053 3174 approbato
1079 3079 1133 3153 die
1161 3083 1205 3150 13
1232 3077 1442 3172 Septembris
1466 3095 1520 3150 ao·

293 3205 338 3262 no
367 3191 460 3262 17111
486 3196 716 3264 recensentur.

367 3300 496 3388 Quihus
520 3320 582 3395 per
605 3319 661 3376 me
686 3303 907 3378 secretarium
934 3304 1148 3378 sanctissimo
1172 3300 1315 3378 Domino
1338 3301 1460 3379 Nostro
1476 3317 1521 3374 re

293 3412 378 3498 latis,
404 3411 568 3488 Sanctitas
594 3415 662 3488 Sua
686 3417 885 3490 sententiam
918 3417 992 3491 Sao.
1026 3415 1298 3508 congregationis
1330 3413 1522 3509 approbarit

293 3531 329 3600 et
352 3525 387 3598 in
413 3525 569 3602 omnihus
595 3529 721 3604 serrari
746 3529 855 3622 jussit.
882 3530 1002 3602 Datum
1027 3527 1081 3602 die
1108 3533 1128 3599 3
1154 3527 1230 3601 lulli
1258 3532 1364 3601 1751.

788 3643 847 3716 Fr.
873 3643 901 3716 J.
928 3641 1030 3714 Cano.
1058 3641 1322 3714 Porrocaaunuo
1348 3641 1473 3716 Pnnnr.

748 3755 789 3830 1.
819 3755 866 3830 Μ.
895 3753 1001 3830 Echo.
1031 3753 1125 3828 Prot.
1155 3753 1368 3847 apostoticae
1398 3753 1517 3828 secret.

833 3949 988 4026 ccxvii.

370 4087 606 4166 sancmsimus
631 4091 794 4165 Dominus
818 4091 938 4166 Noster
962 4091 1160 4166 Benedictus
1185 4092 1248 4167 PP.
1273 4089 1361 4176 xlv,
1390 4085 1520 4183 praevia

298 4203 506 4276 revocatione
532 4204 667 4278 alterins
691 4204 811 4278 Altaria
836 4205 1044 4299 privilegiali,
1071 4211 1237 4299 maianus
1267 4203 1366 4289 adsit,
1392 4202 1427 4275 in
1451 4219 1521 4294 per·

296 4319 437 4410 petuam
463 4317 515 4392 rel
540 4315 582 4390 ad
608 4323 741 4416 empus
773 4317 924 4396 nondum
950 4319 1100 4416 elapsum
1133 4317 1323 4413 apostolico
1354 4312 1520 4412 privilegio
