3068 4922
534 343 787 420 1537,-

82 478 224 552 stiideles
237 477 437 568 cuicumque
454 475 624 549 sodalitati
636 475 788 568 ejusdem
802 475 1036 549 pretiosissimi
1048 474 1227 564 Sanguinis
1244 463 1302 548 a'd·

81 591 194 683 scriptis
207 607 247 662 ac
260 589 294 662 in
308 595 480 683 posterum
493 587 709 682 adscripturis
726 589 903 682 participes
916 588 983 661 sint
995 587 1135 679 singulis
1152 587 1250 659 bonis
1264 605 1303 659 ac

10 770 15 781 .
81 703 290 776 satisfactoriis
303 701 473 795 operibus,
487 720 574 794 quac
599 701 642 775 ab
658 701 811 774 Alumnis
827 702 1003 792 utriusque
1019 717 1133 784 sexus,
1152 699 1303 772 omnium

10 829 11 834 ‘
81 822 106 888 et
127 815 335 906 siugulomm
361 813 523 888 ordinum
549 831 611 888 seu
635 813 849 904 liegularium
879 812 1181 904 congregationum
1206 827 1303 902 pera·

79 935 197 1016 guntur.
225 928 368 1018 insuper
393 925 485 998 ldem
511 925 748 998 sanctissimus
773 926 936 999 Dominus
960 925 1080 999 Noster
1104 923 1186 1016 ipsis
1201 921 1305 994 Soda-

78 1038 150 1112 ibns
174 1056 257 1111 vere
283 1037 530 1130 poenitentibus
556 1035 729 1121 confessis,
748 1055 787 1109 ac
803 1038 876 1110 Sac.
897 1036 1144 1110 communione
1160 1033 1319 1118 relectis

77 1151 124 1240 pui
146 1151 295 1241 aliquam
322 1149 487 1243 publicam
513 1148 696 1222 Ecclesiam
722 1149 988 1241 uniuscnjusque
1018 1148 1153 1220 arbitrio
1180 1147 1305 1238 eligen-

77 1261 142 1333 dam
166 1263 202 1334 in
229 1261 316 1336 lesio
341 1263 377 1332 Β.
392 1262 435 1334 Μ.
448 1261 489 1332 ll.
508 1260 574 1334 sub
592 1261 686 1334 titulo
699 1261 878 1334 acatium
899 1261 1173 1334 Christianorum
1189 1258 1243 1331 die
1258 1263 1303 1329 bi

77 1374 139 1444 llaii
162 1373 310 1446 inciden.
337 1373 390 1446 rel
416 1373 449 1444 in
476 1373 549 1463 ejus
576 1371 711 1445 octiduo
737 1373 856 1446 devote
882 1373 1097 1456 visitaverint,
1114 1371 1228 1462 ibique
1245 1387 1306 1462 per

77 1485 200 1575 ainnod
226 1485 388 1576 temporis
414 1485 558 1576 spatium
573 1485 668 1575 juxta
689 1491 836 1558 mentem
855 1484 1042 1556 sanctitatis
1059 1485 1147 1556 Suae
1164 1483 1219 1574 pie
1236 1500 1308 1554 ora·

78 1600 182 1680 verint,
211 1597 457 1688 indulgentiam
483 1597 678 1678 Plenariam,
705 1597 861 1670 fidelibus
874 1615 1011 1688 quoque
1024 1595 1188 1670 defunctis
1205 1594 1308 1686 appli-

77 1709 218 1793 cabilem,
245 1708 473 1801 incipiendam
500 1728 519 1782 a
545 1710 661 1801 primis
681 1711 832 1803 vesperis
849 1727 958 1801 usque
976 1708 1016 1782 ad
1035 1713 1135 1781 utam
1154 1705 1307 1798 eiusdem

77 1821 253 1893 testivitatis
287 1827 460 1905 octavam,
487 1821 591 1894 semel
618 1828 746 1894 tantum
772 1822 880 1913 spatio
901 1820 1150 1914 'praedictorum
1176 1819 1307 1892 dierum

78 1951 130 2022 per
152 1951 437 2024 unumquemque
462 1932 741 2017 lucrifaciendam,
770 1933 912 2025 benigne
930 1934 1112 2021 concessit;
1130 1933 1213 2004 iacta
1228 1949 1309 2022 quo-

77 2063 135 2133 qne
159 2033 384 2118 Conicssariis
409 2045 675 2135 uniuscuiusque
701 2044 830 2117 Sodalis
849 2051 1011 2137 potestate
1028 2042 1256 2117 commutandi
1274 2042 1309 2113 in

77 2157 139 2228 aliis
164 2159 232 2250 piis
258 2157 417 2249 operibus
443 2157 756 2248 supraenunciatam
781 2158 949 2230 Ecclesiae
974 2157 1207 2238 visitationem,
1225 2172 1309 2245 qua·

76 2274 166 2340 tenus
190 2271 283 2360 justa
309 2285 347 2340 ac
373 2268 574 2341 rationabilis
600 2285 700 2342 causa
725 2269 870 2342 accedat.
905 2268 1139 2341 Praesentibus
1171 2267 1207 2338 in
1233 2283 1310 2358 per·

76 2387 209 2470 petuum
235 2379 384 2453 valituris
410 2381 539 2472 absque
564 2380 630 2452 ulla
656 2381 771 2454 Brevis
797 2378 1021 2471 expeditione.

140 2494 266 2566 Datum
291 2493 416 2564 Romae
443 2510 486 2567 en
503 2493 686 2564 secretaria
704 2493 776 2566 Sao.
796 2490 1068 2583 congregationis
1085 2487 1309 2581 Indulgentia-

77 2623 145 2675 rum
172 2604 229 2678 die
258 2608 304 2676 30
330 2603 538 2695 Septembris
567 2608 672 2676 1852.

681 2715 716 2787 F.
745 2715 847 2788 Canu.
876 2716 1048 2798 bsonmus
1074 2715 1286 2786 Pnanrnurus

704 2829 745 2899 A.
760 2827 898 2920 Arcbip.
914 2827 1118 2906 Princiuolli
1136 2825 1274 2901 Substat.

614 3021 776 3096 DCXXX.

557 3168 650 3220 uubis
675 3167 716 3220 ET
743 3165 835 3221 ORBIS

147 3275 190 3348 llt
215 3273 471 3346 sanctissimum
496 3273 658 3365 beiparae
684 3290 819 3366 semper
843 3273 989 3365 Virginis
1015 3273 1137 3346 llariae
1158 3273 1224 3344 Cor
1249 3287 1317 3344 ma·

79 3387 125 3475 gis
150 3405 191 3460 ac
215 3386 323 3477 magis
341 3387 383 3460 ab
404 3366 561 3459 omni'bus
579 3392 767 3470 veneretur,
787 3403 825 3458 ac
841 3385 994 3477 ejusdem
1010 3385 1225 3458 Beatissimae
1241 3384 1316 3455 llir·

81 3499 162 3588 ginis
187 3499 351 3571 auxilium
377 3498 557 3572 terrentius
583 3497 789 3591 imploretur,
815 3497 1052 3570 sanctissimus
1076 3495 1239 3568 Dominus
1255 3494 1319 3566 No

81 3616 145 3682 ster
169 3612 251 3684 Pius
267 3611 330 3683 PP.
348 3610 394 3682 lll
411 3607 455 3683 ad
478 3609 681 3683 humillimas
706 3627 825 3702 proces
850 3610 987 3684 loannis
1010 3606 1259 3701 Boncompagni
1276 3605 1319 3678 de

80 3721 165 3793 b'rbe
189 3721 337 3812 benigne
361 3721 550 3805 inclinatus,
576 3722 757 3794 clementer
782 3721 930 3806 indulsit,
947 3727 985 3794 ut
1002 3735 1120 3794 omnes
1138 3725 1171 3792 et
1196 3715 1319 3809 singuli

82 3833 229 3906 catholici
255 3833 353 3907 Orbis
377 3832 616 3907 Cbristiiideles
642 3833 773 3926 quotics
799 3833 899 3907 corde
924 3835 1042 3907 saltem
1059 3831 1200 3905 contrito
1220 3829 1321 3903 lacu·

82 3942 230 4018 latoriam
255 3945 385 4018 «boloe
412 3944 521 4018 Gnorc
546 3943 584 4016 rii
599 3945 718 4020 Murio
734 3946 820 4018 sicto
838 3947 874 4019 io
891 3947 1048 4020 soiuczzo
1073 3943 1183 4027 mic»
1209 3959 1228 4013 a
1245 3941 1320 4016 Sac.

83 4053 216 4130 liilumn
243 4056 508 4148 congregatione
542 4057 758 4149 approbatam
784 4074 1000 4148 quocumque
1025 4054 1191 4139 idiomate,
1222 4052 1321 4127 durn-

85 4167 183 4240 rnodo
200 4169 312 4242 versio
338 4169 380 4240 sit
403 4167 524 4249 fidelis,
543 4165 663 4242 devote
688 4169 908 4252 recitaverint,
935 4167 1177 4259 indulgentiam
1196 4173 1323 4240 tercen-

86 4283 152 4352 tum
178 4279 310 4356 dierum
334 4279 455 4354 lucrari
480 4279 610 4370 possint
636 4287 668 4352 et
694 4279 834 4355 valeant.
861 4281 904 4354 lis
931 4297 1011 4354 vero
1032 4277 1321 4359 christifidelibus,
