3182 4922
640 357 859 424 -563-

131 490 310 564 Sooietotis
335 490 489 583 erigendi
515 491 696 570 Stotioues.
722 494 867 566 suuntis
891 492 934 568 de
959 498 1095 569 coetero
1120 497 1262 587 reliquis
1287 515 1368 572 eou-

129 600 316 678 tiitiouibus
332 621 357 677 o
373 603 434 678 88.
460 603 678 698 Pontificibus
698 605 932 699 praescriptis.
959 608 1097 700 Duptee
1122 607 1211 683 ittutl
1228 608 1371 685 dubium

127 713 251 807 mopui
275 717 437 789 mamutii
461 715 614 798 vitietur,
640 717 710 790 sioe
735 717 777 790 ob
802 711 1022 792 timiditatem
1047 721 1255 794 creationum
1281 740 1371 814 pune

127 829 246 903 multis
261 827 307 902 ob
325 828 404 902 bino
421 829 521 904 ouum
544 829 659 923 soctoe
683 834 773 912 suist,
794 831 865 904 siue
880 832 1107 923 inposterum
1127 833 1369 924 prouidentur.

202 941 385 1034 Propositis
417 943 706 1035 snpraonnooiatis
738 943 871 1016 duobos
897 942 1008 1017 dubiis
1033 946 1069 1018 in
1093 945 1195 1018 Saura
1219 946 1366 1039 Congre-

127 1051 262 1148 gatione
287 1053 573 1147 indulgentiarum
598 1055 654 1129 die
679 1059 701 1127 e
726 1057 833 1132 Martii
864 1057 1028 1130 ourrenm
1054 1059 1133 1130 anni
1162 1058 1253 1150 apud
1281 1059 1370 1134 Vati-

126 1185 231 1241 eanas
255 1167 358 1241 AEdes
383 1168 506 1254 habita,
532 1169 793 1242 Eminentissimi
819 1170 945 1253 Patres,
972 1177 1049 1242 rou
1074 1170 1281 1245 consultoris
1306 1192 1367 1248 an-

127 1280 209 1365 dito,
227 1279 502 1373 respondendnm
519 1299 595 1354 asso
611 1279 782 1355 duxerunt
805 1281 883 1354 «Ad
899 1282 1072 1374 primum»
1092 1284 1293 1357 Facultatem
1308 1287 1371 1357 eri·

128 1392 233 1484 gandi
258 1391 423 1466 stationes
447 1393 483 1464 in
508 1392 648 1484 publiois
674 1393 840 1478 Emissis,
865 1392 911 1466 de
936 1411 1003 1484 qna
1021 1395 1056 1467 in
1080 1396 1254 1489 Rescripto
1276 1398 1370 1472 intel·

127 1504 298 1598 ligandam
324 1521 400 1578 esse
425 1506 525 1578 etiam
542 1524 603 1598 pro
620 1506 778 1578 oratoriis
804 1506 998 1579 anctoritate
1023 1507 1178 1603 Episoopi
1200 1510 1368 1598 institutis,

130 1624 164 1690 et
189 1635 251 1708 per
276 1616 364 1688 viam
389 1616 557 1710 publicam
589 1618 780 1708 ingressum
805 1617 1010 1692 habentibus
1036 1619 1120 1692 «Ad
1145 1621 1357 1694 seeundum»

129 1730 308 1803 Provisum
334 1747 394 1822 par
423 1731 567 1821 Regulas
585 1731 804 1821 generales».
830 1731 872 1804 Et
897 1730 981 1803 laeta
1006 1731 1049 1804 de
1073 1732 1127 1804 bis
1152 1735 1370 1806 sanctissimo

130 1842 277 1915 Domino
301 1843 421 1914 Nostro
447 1843 505 1915 Pio
529 1844 592 1915 PP.
618 1844 664 1914 lX
689 1861 750 1935 per
774 1861 829 1916 me
861 1842 1089 1936 subscriptum
1115 1847 1188 1918 Sao.
1223 1847 1369 1939 Congre-

130 1955 275 2048 gationis
299 1955 521 2028 secretarium
537 1954 696 2030 relatione
713 1955 747 2027 in
763 1953 940 2028 Audientia
957 1955 1023 2029 diei
1040 1964 1083 2029 la
1101 1958 1254 2050 eiusdem
1279 1976 1372 2033 men·

130 2069 190 2151 sis,
204 2069 368 2141 Sanctitas
384 2069 452 2140 Sua
468 2067 817 2140 Eminentissimorum
835 2069 969 2140 Patrnm
988 2070 1208 2144 resolutiones
1224 2071 1371 2163 benigne

131 2179 338 2273 approbavit.
365 2181 486 2253 Datum
518 2181 643 2252 Romae
669 2179 921 2252 exsecrantia
948 2181 1101 2272 ejusdem
1134 2184 1255 2256 Sacrae
1281 2183 1368 2256 Gon·

131 2291 335 2384 gregationis
360 2290 415 2365 dio
442 2296 487 2363 la
513 2292 619 2365 Martii
649 2295 754 2363 issi.

807 2401 842 2474 ll.
869 2403 972 2478 Cano.
998 2405 1172 2487 Asonnnos
1197 2405 1319 2478 Pnanr.

870 2523 912 2588 A.
940 2517 1100 2590 colomeo
1128 2519 1251 2590 Seoret.

538 2773 541 2776 .
683 2708 821 2784 DCLXI.

633 2855 871 2912 vnnonnu.

207 2962 355 3034 ioannes
382 2959 527 3053 Baptista
552 2959 696 3053 Bindego
713 2962 905 3036 Canoellarii
921 2963 1127 3056 Episcopalis
1144 2983 1285 3040 munero
1301 2965 1374 3040 iun·

131 3091 218 3168 gens
244 3075 279 3146 in
303 3073 441 3148 Clritme
466 3079 500 3145 et
523 3073 673 3147 Dioeeosi
699 3076 888 3149 Veronensi
907 3075 987 3149 huie
1003 3077 1124 3149 Sacrae
1140 3076 1269 3170 Indulg.
1287 3080 1374 3153 Con·

132 3186 318 3280 gregationi
342 3185 517 3280 proposuit
541 3184 642 3260 dubia
667 3194 706 3260 ut
729 3188 824 3262 inira.

216 3297 266 3370 l.⁰
293 3299 335 3372 Se
359 3317 432 3371 uuo
456 3298 568 3374 Messe
594 3300 767 3373 celebroto
792 3299 842 3374 oti
864 3319 912 3374 uu
937 3301 1058 3374 litore
1074 3299 1296 3394 Prioitepioto
1321 3304 1376 3378 sio

128 3431 197 3507 per
222 3429 257 3484 se
278 3411 513 3503 prioitepioto,
539 3429 560 3485 o
585 3413 638 3484 sio
663 3414 851 3488 ueemsorio
877 3411 938 3486 ebe
963 3431 983 3485 o
1009 3411 1192 3505 t'op'ereute
1210 3415 1248 3485 to
1274 3415 1372 3490 timo·

133 3525 224 3606 sino,
252 3541 272 3596 o
298 3524 324 3596 it
350 3524 534 3598 Samoou
558 3524 700 3598 iutouolo
727 3525 764 3599 tii
789 3527 967 3619 opptioore
992 3525 1248 3619 reperiemur

210 3635 263 3708 2⁰
290 3639 331 3710 Se
348 3635 382 3709 in
408 3636 462 3709 die
487 3638 610 3722 obitos,
640 3639 740 3724 tertii,
768 3639 940 3732 trigesimi,
958 3646 992 3712 et
1008 3638 1224 3712 anniversarii
1241 3641 1278 3711 to
1294 3639 1378 3715 Mes

132 3769 175 3826 eo
202 3747 239 3821 ἀι·
263 3749 426 3842 Requiem
459 3755 602 3824 ooutoto
626 3770 688 3843 pro
715 3751 833 3844 aliquo
866 3752 1023 3825 dolonem
1047 3751 1101 3824 sio
1122 3751 1376 3846 prioiiepiotoi

210 3860 337 3935 Eadem
363 3863 463 3934 Sacra
488 3863 707 3955 congregatio
732 3864 766 3936 in
792 3864 1004 3956 generalibus
1020 3863 1169 3936 comitiis
1191 3863 1313 3936 habitis
1338 3863 1374 3937 in

136 3972 262 4048 Palatio
287 3972 477 4066 apostolico
500 3973 660 4047 Vaticano
685 3973 741 4048 die
767 3979 788 4044 s
820 3975 927 4048 Martii
961 3973 1108 4048 ineuntis
1140 3971 1236 4060 anni,
1262 3974 1374 4050 audito

133 4087 231 4181 prius
256 4085 463 4159 consultoris
489 4093 576 4172 voto,
601 4087 874 4180 respondendnm
902 4105 979 4160 asse
1005 4085 1112 4160 (luxit.

211 4196 265 4271 ld
289 4199 435 4292 primum
459 4199 693 4275 «Affirmatire
719 4197 762 4274 ad
793 4200 937 4295 primam
969 4207 1116 4292 putem,
1142 4199 1300 4293 Negative
1331 4200 1375 4276 ad

137 4311 322 4388 secundnm
338 4342 374 4387 ι.
