3130 4920
785 351 830 369 -
859 320 928 385 :128
957 349 1002 366 -

824 511 966 584 cotim.

593 669 913 726 consuetudinum
939 669 1209 724 cmcuumuoutnt

356 791 593 866 sanctissimus
625 791 788 864 Dominus
819 792 939 865 Noster
963 790 1042 862 Pius
1066 789 1128 862 ΡΡ.
1154 788 1212 860 llll
1237 785 1281 859 ad
1309 787 1496 860 humillimas

283 923 401 1000 preces
427 904 652 978 Prommtorts
677 904 849 977 Generalis
873 901 1007 976 Ordinis
1033 902 1067 973 S.
1093 901 1270 993 Augustini
1285 899 1430 991 benigue
1452 919 1499 973 an·

284 1034 394 1090 nuens
419 1016 600 1089 clementer
625 1013 776 1098 indulsit,
794 1019 831 1088 ut
847 1013 1036 1088 Conium
1052 1020 1086 1086 et
1101 1013 1308 1086 consorores
1329 1012 1499 1086 Conbater·

283 1129 395 1204 nitatis
420 1129 513 1202 dello
547 1129 691 1202 Clutoro
716 1133 900 1222 nuncupat.
926 1129 986 1220 qui
1010 1127 1089 1200 l'Fr.
1114 1125 1251 1200 Ordinis
1276 1127 1311 1201 S.
1338 1126 1500 1219 Augustini

284 1243 337 1316 vel
363 1241 514 1334 eiusdem
547 1240 829 1314 confraternitatis
860 1240 1042 1314 Ecclesiam
1067 1239 1111 1312 ob
1141 1238 1333 1312 distantiam
1365 1239 1501 1312 locorum

285 1353 404 1429 dicbus
429 1353 463 1426 iu
481 1353 604 1446 quibus
620 1351 849 1446 indulgentiae
865 1370 1045 1440 concessae
1070 1351 1283 1445 reperiuntur
1306 1351 1439 1426 visitare
1455 1369 1503 1423 ne

285 1466 462 1558 quiverint,
489 1466 542 1538 vel
567 1464 660 1556 quod
684 1464 851 1556 aliquibus
876 1465 911 1538 iu
936 1465 1017 1538 locis
1041 1463 1209 1536 Ecclesiae
1239 1462 1429 1556 praedictae
1450 1463 1501 1534 mi·

284 1577 376 1651 nime
401 1575 563 1658 existant,
589 1574 725 1648 easdem
750 1573 975 1667 indulgentias
1000 1573 1120 1648 lucrari
1144 1573 1290 1666 possint,
1316 1580 1351 1647 et
1376 1574 1501 1654 valeant

286 1685 470 1763 dummodo
494 1686 714 1780 respectivam
731 1686 956 1760 Paroebialem
973 1685 1154 1759 Ecclesiam
1181 1684 1389 1758 visitaverint
1407 1692 1440 1758 et
1453 1684 1504 1756 ala

284 1800 339 1895 pia
364 1815 466 1893 opera
491 1798 638 1890 injuncta
663 1797 805 1871 lideliter
829 1817 868 1870 ac
893 1796 1014 1871 devote
1038 1803 1259 1889 exequantur.
1286 1797 1455 1872 Praesenti
1477 1796 1503 1867 in

284 1919 484 2006 perpetuum
510 1909 649 1984 valituro
674 1909 803 2004 absque
826 1910 894 1984 ulla
918 1911 1034 1984 Brevis
1058 1908 1283 2002 expeditione.

357 2025 477 2097 batum
503 2023 629 2097 Romae
654 2040 698 2096 ex
723 2023 906 2096 secretaria
931 2023 1005 2096 Sao.
1032 2021 1306 2116 congregationis
1330 2021 1504 2114 indulgent.

195 2215 210 2234 ,
285 2131 339 2210 die
366 2141 387 2207 3
412 2135 553 2227 tugost
583 2137 688 2212 1819.

942 2248 1090 2342 Angelos
1117 2247 1294 2341 Costogutr'
1321 2248 1446 2322 secret.

822 2445 979 2520 coxvtl.

764 2592 856 2645 bools
881 2593 922 2646 ΕΤ
947 2592 1040 2645 uubis

360 2694 444 2770 Cum
474 2697 559 2770 sicut
591 2695 742 2770 nonnulli
770 2698 1038 2792 drobiepiscopi,
1064 2696 1202 2782 Vicarii,
1236 2696 1379 2770 Parochi
1409 2695 1507 2790 piique

287 2809 347 2881 viri
373 2809 590 2882 sanctissimo
623 2809 765 2882 Domino
794 2809 914 2884 Nostro
944 2811 1002 2883 Pio
1028 2809 1089 2882 ΡΡ.
1116 2807 1176 2882 Vll
1201 2811 1325 2902 exponi
1361 2809 1507 2888 lecerunt,

287 2919 379 3012 qnod
409 2919 452 2994 ad
484 2919 747 3014 promovendam
780 2922 1053 2996 christifidelium
1084 2921 1242 3014 pietatem
1275 2921 1508 3011 (benedicente

287 3031 384 3122 Deo)
409 3033 537 3126 aliquas
563 3051 691 3128 preces,
718 3035 874 3126 lllysteria
901 3035 935 3107 S.
962 3034 1120 3108 infantiae
1145 3034 1244 3107 Pueri
1268 3034 1350 3107 lesu
1376 3033 1508 3126 comple·

288 3151 415 3219 utentes
440 3164 460 3217 a
485 3145 762 3221 Cbristilldelibus
786 3145 951 3231 meditari,
975 3165 1013 3220 ac
1030 3146 1159 3220 recitari
1185 3152 1350 3239 optarent,
1369 3142 1508 3240 proinde

288 3275 355 3350 que
371 3257 548 3331 nonnullas
564 3259 789 3352 indulgentias
814 3259 1040 3352 postulabant:
1061 3257 1140 3330 binc
1156 3259 1397 3332 sanctissimus
1413 3255 1508 3330 llomi·

289 3387 354 3444 nus
378 3369 498 3444 Noster
521 3370 600 3444 Pius
623 3371 765 3443 1³1³.th
791 3372 965 3445 Oratomm
992 3371 1101 3444 zelum
1126 3369 1308 3463 plurimum
1326 3372 1363 3444 in
1379 3369 1508 3445 Domino

288 3481 541 3566 commendans,
557 3487 592 3556 et
607 3481 877 3555 christifidelium
899 3482 1111 3556 devotionem
1128 3483 1323 3556 coelestium
1340 3495 1506 3557 munerum

289 3591 460 3684 largitione
485 3592 615 3677 lovere,
642 3611 681 3666 ac
706 3593 841 3667 incitare
868 3594 1009 3679 voleus,
1027 3599 1127 3686 atque
1152 3593 1368 3687 Redemptovi
1402 3594 1508 3668 Nostro

288 3721 455 3798 perennes
480 3705 659 3796 gratiarum
685 3705 832 3778 actiones
856 3703 1170 3784 aCbristiddelibus
1196 3705 1393 3790 relevantur,
1420 3718 1507 3796 quem

287 3815 435 3888 maxime
459 3815 666 3902 desiderans,
692 3815 735 3890 de
761 3817 1005 3910 omnipotentis
1032 3818 1091 3890 Dei
1115 3817 1343 3891 misericordia
1361 3817 1507 3892 conlisus.

288 3925 465 4000 Oratomm
482 3925 728 4020 praedictorum
744 3929 1043 4022 supplicationibus
1058 3928 1205 4022 benigne
1227 3947 1392 4004 annuens.
1411 3923 1509 4002 Omni·

287 4033 353 4108 bos
377 4038 553 4130 utriusque
578 4055 682 4114 sexus
699 4039 976 4115 christifidelibus
1001 4041 1060 4132 qui
1076 4040 1131 4116 die
1156 4041 1435 4134 vigesimaquinta
1454 4037 1509 4109 sin

289 4147 442 4237 gulorum
475 4151 662 4238 mensium,
688 4151 721 4224 iu
748 4153 894 4244 qualibet
919 4153 1083 4237 Ecclesia,
1110 4169 1173 4228 seu
1198 4153 1332 4247 publico
1357 4149 1508 4228 oratorio,

289 4257 348 4330 ubi
373 4262 555 4354 praelatum
582 4263 674 4358 plum
702 4264 894 4340 exercitium
921 4272 958 4340 ut
983 4265 1017 4340 iu
1042 4265 1199 4360 precibus
1216 4265 1329 4360 peragi
1353 4265 1439 4340 solet
1461 4279 1508 4334 su·
