3130 4920
576 380 622 398 -
651 347 720 416 arr
748 381 794 398 -

86 483 289 571 Portiuncula3
321 488 355 555 et
380 481 529 554 similiter
554 513 566 546 ‹
594 484 762 575 Negative,
793 481 906 574 quoad
934 481 1125 556 Secundum
1156 489 1190 554 et
1218 484 1297 558 Ter·

86 595 152 667 ium
178 625 211 666 ι.
241 595 289 667 lte
316 593 441 685 quihus
470 593 555 667 iacto
585 596 688 668 verbo
714 613 790 668 cum
820 595 1036 668 sanctissimo
1063 595 1097 666 in
1121 593 1298 668 audientia

83 707 176 779 latita
195 706 249 780 die
278 711 324 778 tlt
349 706 520 780 Februarii
547 712 640 778 1818
667 707 792 780 Eadem
819 709 982 780 Sanctitas
1007 708 1074 779 Soa
1099 712 1214 780 votum
1240 708 1298 779 Sa·

82 837 142 892 crae
164 818 437 912 Congregationis
461 819 606 911 benigne
630 819 849 894 confirmavit.
876 822 996 894 Datum
1021 808 1147 892 Romae
1171 837 1215 894 ex
1241 820 1299 894 Se·

82 933 199 1006 muria
222 933 300 1008 Sao.
328 932 601 1026 congregationis
626 933 812 1026 Indulgent.
839 932 894 1006 die
921 938 966 1004 l0
991 932 1163 1006 Februarii
1191 936 1297 1008 1818.

809 1046 838 1120 l.
864 1047 922 1120 Pn.
950 1046 1054 1120 Cano.
1080 1047 1199 1120 scorn

748 1158 898 1252 Angelus
926 1159 1105 1254 Costoguti
1130 1160 1256 1234 secret.

621 1410 731 1486 cult.

497 1640 618 1693 uuuts
653 1641 700 1693 ET
733 1641 855 1696 ouuts

132 1827 183 1902 td
195 1828 404 1902 humillimas
418 1847 537 1923 preces
551 1830 740 1905 Sacerdotis
753 1833 805 1904 Fr.
820 1833 955 1907 loannis
972 1835 1142 1910 Adalberti
1154 1833 1293 1908 Ridrzu·

71 1939 114 2011 riri
136 1942 414 2034 Congregationis
439 1942 649 2015 sanctissimi
674 1944 908 2039 Redemptoris
933 1949 966 2020 in
984 1949 1134 2022 Helvetia
1150 1945 1294 2020 Sanctis·
1416 1963 1419 1970 ·

70 2053 160 2126 smus
184 2055 353 2127 Dominus
377 2053 498 2128 Noster
523 2054 603 2127 Pius
629 2057 690 2127 ΡΡ.
717 2057 775 2128 Vll
800 2059 946 2151 benigno
971 2060 1157 2144 inclinatus,
1175 2059 1294 2152 ipsius·

69 2183 124 2256 poe
147 2167 261 2240 telum
286 2167 435 2240 maxime
460 2167 713 2258 commendans,
740 2171 799 2261 qui
825 2170 868 2243 ad
893 2172 1079 2264 proiectum
1108 2173 1295 2244 animarum

68 2277 204 2352 fidelium
232 2285 268 2354 et
298 2279 341 2351 ad
372 2280 618 2372 omnipotentis
650 2282 710 2354 Dei
743 2283 1003 2358 misericordiam
1034 2282 1294 2377 implorandam,

69 2408 122 2464 nec
145 2412 214 2466 non
241 2393 459 2466 Beatissimae
484 2393 630 2485 Virginis
655 2395 776 2468 llariae
802 2395 1024 2467 Patrocinium
1057 2393 1294 2477 obtinendum,

69 2503 184 2595 aliquas
217 2503 447 2596 indulgentias
480 2522 543 2598 pro
575 2505 766 2580 recitatione
796 2505 1079 2600 infrascriptarum
1112 2523 1296 2598 procoma

67 2613 337 2690 Christifidelibus
370 2615 622 2690 lucrifaciendas
654 2619 887 2710 postulaverit3
921 2618 1087 2692 universis
1119 2617 1296 2708 utriusque

66 2725 346 2812 tonstiudeltbus,
373 2730 431 2820 qui
457 2747 576 2822 preces
602 2729 755 2804 videlicet
791 2732 931 2805 «Oratio
949 2731 992 2804 ad
1008 2733 1115 2806 Deum
1132 2731 1264 2803 Patrem
1283 2758 1294 2792 ι

68 2840 226 2925 tiPoter,
253 2840 390 2914 atinde
418 2841 650 2914 laculatoriam
677 2842 721 2915 ad
745 2845 781 2914 B.
808 2845 852 2916 M.
879 2844 919 2917 V.
949 2846 977 2918 0
1001 2845 1207 2918 Beatissimo
1232 2844 1295 2932 (ut

66 2947 163 3040 inda)
187 2951 292 3025 corde
317 2953 436 3028 saitem
462 2953 603 3026 contrito
629 2971 668 3026 ac
692 2953 812 3028 devote
829 2955 1050 3039 recitaverint,
1068 2953 1294 3046 indulgentias

66 3064 274 3156 nonnaginta
300 3064 443 3150 dierum,
470 3066 579 3138 semel
605 3065 640 3138 in
666 3065 720 3139 die
746 3067 788 3140 ah
805 3086 1011 3160 unoquoque
1027 3066 1221 3139 lucrandam
1237 3065 1294 3138 be

66 3175 155 3266 nigne
180 3178 360 3252 concessit.
386 3179 430 3250 lis
456 3196 537 3250 vero
562 3177 852 3264 christifidelibus,
878 3180 937 3272 qui
963 3179 1111 3271 quotidie
1127 3195 1188 3270 per
1201 3194 1294 3248 men·

65 3303 127 3360 sem
152 3289 451 3383 supraenunciatas
467 3308 586 3384 preces
602 3291 829 3376 recitaverint,
847 3291 1089 3384 indulgentiam
1107 3287 1292 3362 Plenariam

66 3397 111 3472 dio
134 3403 401 3495 uniuscujusque
426 3401 563 3476 arbitrio
589 3402 751 3495 eligenda,
778 3403 962 3478 dnmmodo
988 3420 1067 3476 vere
1083 3399 1292 3494 poenitentes

65 3513 200 3586 mnlessi
224 3533 265 3587 ac
289 3514 324 3586 S.
350 3513 595 3588 communione
619 3515 734 3589 relecti
754 3515 886 3600 luerint,
904 3523 938 3588 et
954 3515 1099 3607 aliquam
1125 3512 1291 3606 publicam

64 3621 236 3699 Ecclesiam
254 3625 472 3710 visitaverint,
499 3626 613 3718 ibique
629 3645 690 3720 per
707 3626 843 3718 aliquod
859 3626 1020 3719 temporis
1037 3625 1182 3719 spatium
1195 3623 1291 3715 iuxta

65 3743 204 3810 menum
227 3738 417 3812 &cotialis
443 3733 530 3812 Suae
556 3739 612 3831 pie
636 3736 804 3812 oraverint
828 3739 1010 3813 clementer
1042 3737 1142 3811 etiam
1170 3736 1292 3828 imper·

66 3846 137 3920 titos
161 3856 221 3924 est.
247 3851 418 3924 Praesenti
443 3852 615 3944 perpetuis
639 3851 759 3926 tutoris
775 3853 984 3944 temporibus
1001 3850 1141 3923 valituro
1162 3849 1292 3939 absque

67 3957 125 4031 nlla
149 3961 263 4036 Brevis
287 3961 511 4056 expeditione.
538 3965 658 4036 Datum
684 3965 810 4037 Romae
831 3981 874 4036 ex
899 3960 1081 4036 secretaria
1105 3959 1179 4034 Sac.
1205 3959 1292 4033 Gon·

67 4073 255 4166 negationis
280 4073 467 4168 indulgent.
495 4074 549 4150 die
576 4080 618 4148 at
647 4074 771 4168 Aprilis
799 4079 906 4148 1818.

763 4299 912 4394 Angelus
938 4295 1114 4389 Costoguti
1140 4297 1263 4372 secret.
