3164 4926
624 395 630 407 ,
779 363 995 431 -leo-

271 501 372 585 tione
398 501 562 688 sunem
587 501 657 576 Sua
681 505 796 574 votum
820 501 894 573 Sec.
920 497 1194 592 fflnpcpuionis
1215 497 1431 594 approbando
1447 501 1509 576 be·

273 613 376 708 nipne
399 631 491 690 mnu
504 619 526 688 t.

693 723 751 797 lin.
777 725 807 797 J.
832 723 937 797 cun.
963 723 1228 798 Ponronsnnnno
1255 725 1377 797 Pnnnr.

331 866 333 872 r
545 837 642 912 nd.
668 837 851 912 Vicecontes
869 836 1502 930 soeconplntotpentnoseerer.

834 1036 941 1113 citus

334 1211 336 1216 ,
426 1169 631 1229 wartonus
657 1168 867 1229 amoenus
893 1129 1171 1234 consuescere
1197 1168 1224 1224 s.
1251 1167 1348 1224 otuu

347 1279 585 1356 sanctissimus
610 1279 773 1354 Dominus
789 1279 910 1352 Noster
925 1277 1125 1352 Benedictus
1142 1279 1231 1370 Papa
1250 1278 1328 1351 xlv
1347 1295 1423 1352 cunt
1439 1279 1510 1352 snb

273 1394 482 1488 expositione
507 1392 578 1466 Sibi
603 1393 789 1467 humillime
813 1392 898 1466 laeta
923 1391 1015 1483 quod
1040 1391 1175 1483 gratiae,
1201 1391 1372 1484 privilegia
1397 1397 1431 1469 et
1454 1392 1509 1463 ln-

272 1507 363 1582 dtdla
395 1506 576 1600 spiritualia
601 1506 846 1579 canonicorum
870 1504 1086 1598 llegrdarlum
1112 1505 1384 1598 congregationis
1414 1505 1512 1577 Lete-

271 1621 424 1696 senensis
457 1619 589 1692 Ordirds
623 1619 657 1691 S.
690 1617 866 1710 Augustini
900 1637 944 1691 ex
981 1617 1185 1709 qnuusdam
1217 1617 1319 1690 Bellis
1351 1616 1404 1692 iel.
1436 1635 1508 1690 rec.

273 1733 364 1806 Pauli
403 1739 436 1804 el
472 1732 548 1804 iulii
586 1733 629 1804 ill
668 1733 768 1804 etism
805 1731 942 1805 clericis
979 1729 1199 1822 tlepoleribns
1232 1729 1508 1823 congregationis

274 1847 307 1918 S.
334 1844 427 1916 Pauli
444 1844 602 1917 lineolae
618 1844 804 1918 Bernabitis
821 1851 1002 1936 nuncupat.
1020 1843 1088 1915 sint
1104 1843 1305 1928 eommunia,
1323 1861 1386 1936 per
1400 1844 1511 1916 Suum

272 1955 501 2050 apostolieum
534 1957 745 2050 Rescriptum
777 1957 890 2030 dieii
924 1956 1013 2028 lunii
1049 1961 1142 2028 l7l6
1176 1975 1254 2030 curn
1286 1955 1510 2030 declaratione

273 2069 411 2163 padam
437 2069 622 2161 senapin,
647 2069 789 2163 perinde
814 2087 853 2141 ec
878 2070 907 2140 si
932 2087 994 2161 per
1013 2069 1153 2142 Litteras
1170 2069 1376 2162 spostolicae
1393 2069 1427 2141 in
1443 2069 1512 2141 lor-

271 2203 326 2257 ma
345 2183 459 2256 Brevis
480 2183 584 2255 solitis
606 2184 764 2257 omnibus
789 2182 909 2256 muniti
935 2181 1091 2255 clausulis
1109 2182 1265 2274 expedita
1281 2182 1407 2267 luisset,
1425 2199 1509 2255 con-

272 2297 410 2370 cesserit
434 2296 644 2388 privilegium
670 2294 900 2387 quotidianum
926 2302 1127 2389 perpetuum
1152 2295 1265 2378 Alteri,
1293 2294 1346 2368 vel
1363 2296 1397 2368 S.
1415 2296 1509 2368 Pauli

271 2410 430 2503 Apostoli,
457 2410 511 2484 vel
537 2409 570 2482 S.
598 2409 706 2484 Caroli
731 2409 921 2484 eorromasi
947 2410 982 2482 in
1008 2409 1165 2483 omnibus
1182 2414 1215 2480 et
1231 2407 1371 2498 singulis
1397 2408 1510 2480 lisele-

272 2521 329 2594 siis
343 2520 617 2614 congregationis
635 2522 839 2594 elericorum
854 2521 1069 2612 Regularinm
1086 2519 1252 2612 praelatae
1269 2518 1388 2592 iisdem
1405 2520 1509 2593 niodo

272 2641 306 2708 et
330 2635 598 2727 torma-quibus
624 2635 732 2708 simile
756 2636 966 2728 privilegium
993 2651 1192 2706 concessum
1217 2632 1278 2705 luit
1298 2633 1333 2706 in
1350 2633 1509 2706 omnihus

271 2751 428 2824 Ecdesiis
454 2751 605 2843 ipsorum
632 2749 878 2824 Cenonicornm
903 2748 1117 2839 Regulariunn
1143 2747 1419 2820 Lateranensiunt
1446 2767 1511 2839 per

271 2863 378 2936 Suum
402 2863 526 2954 pariter
550 2863 779 2955 llpostolicum
804 2863 911 2934 Breve
935 2861 1060 2933 tenoris
1079 2859 1137 2951 qui
1157 2861 1319 2952 sequitur,
1341 2858 1507 2933 videlicet.

272 2973 510 3048 «Benedictus
535 2977 602 3047 PP.
630 2975 715 3048 XIV
748 2973 799 3046 od
816 2977 1022 3066 perpetuom
1051 2974 1102 3045 rei
1128 2973 1331 3046 memoriane
1355 2973 1512 3044 omnium

271 3088 376 3161 soloti
400 3089 554 3165 Paterno
580 3085 749 3162 ctoritate
773 3085 895 3158 intecti
922 3087 1033 3159 Sacro
1057 3084 1231 3158 interdum
1248 3086 1326 3158 loco
1341 3086 1510 3178 spiritua·
1557 3175 1559 3180 ,

272 3201 360 3274 littus
385 3200 684 3293 indnlpenliornrn
709 3199 907 3272 muneribus
932 3197 1146 3280 decoremus,
1171 3202 1210 3269 ot
1235 3197 1315 3270 inde
1336 3195 1511 3270 Fideliurn

271 3314 518 3407 Desenotororn
544 3316 683 3387 oninwe
708 3309 849 3384 Donnoi
873 3311 993 3385 Nostri
1018 3313 1096 3384 Jeso
1123 3307 1247 3383 Cincii
1264 3311 1399 3400 ejusque
1417 3310 1510 3382 Son-

272 3431 405 3500 ctorem
429 3428 600 3520 eupropio
624 3423 826 3498 meritorum
852 3425 1021 3516 conequi,
1048 3429 1082 3496 et
1106 3425 1174 3496 illis
1190 3422 1332 3512 odjotoe
1351 3439 1402 3494 ee
1423 3423 1514 3494 Por-

272 3545 402 3636 poterii
430 3543 551 3636 poenis
583 3539 632 3612 od
661 3543 839 3612 aeternam
869 3537 1014 3610 salntem
1041 3555 1108 3628 per
1139 3537 1203 3608 Dei
1234 3535 1514 3608 misericordiane

267 3653 423 3748 perdici
440 3653 591 3725 calcent.
624 3653 773 3725 Veientes
805 3651 911 3743 ipilor
944 3667 1059 3722 omncs
1089 3652 1122 3720 et
1152 3649 1307 3738 stropulos
1340 3648 1514 3720 Ecclesiae

272 3771 348 3840 ran
371 3769 518 3846 melos,
546 3783 651 3856 qoem
675 3765 712 3836 in
741 3765 918 3858 posterum
944 3759 1125 3853 eripendos
1152 3759 1290 3833 Ordinis
1317 3761 1511 3832 Concilion-

273 3899 352 3954 rnrn
389 3879 614 3971 llepnloricm
650 3877 683 3951 S.
716 3876 901 3968 sepontini
933 3875 1215 3966 Conprepolionis
1247 3871 1512 3954 isterciensis,

273 4011 335 4067 nec
359 4008 429 4064 non
454 3993 660 4070 Monioliorn
688 3990 826 4062 Ordinis
850 3993 883 4061 el
915 3988 1196 4080 Conprepotionis
1223 3985 1416 4078 teinsnodi
1446 3985 1513 4058 snb

276 4103 453 4198 potente,
480 4121 576 4188 coro,
592 4109 624 4176 et
637 4101 876 4194 jensdtottone
896 4102 1147 4174 dorsonicorsnn
1163 4101 1389 4194 copulassem
1400 4117 1514 4192 proe-

274 4218 428 4313 sotorcnt
454 4213 681 4298 eeistentinnt,
708 4221 741 4288 ct
765 4217 803 4289 in
828 4217 982 4308 qnalibet
1005 4235 1050 4289 erc
1076 4215 1176 4290 dictis
1200 4215 1356 4289 Ecclesiis
1388 4213 1516 4286 litore

274 4333 336 4410 sot
361 4332 578 4408 ineoootiooe
603 4328 637 4406 S.
668 4327 793 4407 Utoldi
818 4335 984 4414 entem,
1017 4348 1076 4410 sce
1100 4327 1319 4424 edendnm,
1346 4325 1411 4402 ine
1432 4345 1516 4420 spe-
