<?xml version="1.0" encoding="UTF-8"?>
<!DOCTYPE html PUBLIC "-//W3C//DTD XHTML 1.0 Transitional//EN"
    "http://www.w3.org/TR/xhtml1/DTD/xhtml1-transitional.dtd">
<html xmlns="http://www.w3.org/1999/xhtml" xml:lang="en" lang="en">
 <head>
  <title>
</title>
<meta http-equiv="Content-Type" content="text/html;charset=utf-8" />
  <meta name='ocr-system' content='tesseract 3.04.00' />
  <meta name='ocr-capabilities' content='ocr_page ocr_carea ocr_par ocr_line ocrx_word'/>
</head>
<body>
  <div class='ocr_page' id='page_1' title='image "./resolutionesseu00pringoog_0623.png"; bbox 0 0 3346 4924; ppageno 0'>
   <div class='ocr_carea' id='block_1_1' title="bbox 294 351 318 419">
    <p class='ocr_par' dir='ltr' id='par_1_1' title="bbox 294 351 318 419">
     <span class='ocr_line' id='line_1_1' title="bbox 294 351 318 419; baseline 0 0"><span class='ocrx_word' id='word_1_1' title='bbox 294 351 318 419; x_wconf 89' lang='lat'><strong>8</strong></span> 
     </span>
    </p>
   </div>
   <div class='ocr_carea' id='block_1_2' title="bbox 262 473 1615 566">
    <p class='ocr_par' dir='ltr' id='par_1_2' title="bbox 262 473 1615 566">
     <span class='ocr_line' id='line_1_2' title="bbox 262 473 1615 566; baseline 0.003 -18"><span class='ocrx_word' id='word_1_2' title='bbox 262 479 366 565; x_wconf 86' lang='lat' dir='ltr'><strong>olpnld</strong></span> <span class='ocrx_word' id='word_1_3' title='bbox 392 483 561 564; x_wconf 89' lang='lat' dir='ltr'><strong>concordia,</strong></span> <span class='ocrx_word' id='word_1_4' title='bbox 589 475 756 549; x_wconf 83' lang='lat' dir='ltr'><strong>lideresrlm</strong></span> <span class='ocrx_word' id='word_1_5' title='bbox 781 481 995 566; x_wconf 74' lang='lat' dir='ltr'><strong>extimatione,</strong></span> <span class='ocrx_word' id='word_1_6' title='bbox 1023 477 1250 549; x_wconf 69' lang='lat' dir='ltr'><strong>naereticorum</strong></span> <span class='ocrx_word' id='word_1_7' title='bbox 1276 486 1307 546; x_wconf 85' lang='lat' dir='ltr'><strong>at</strong></span> <span class='ocrx_word' id='word_1_8' title='bbox 1333 473 1510 552; x_wconf 86' lang='lat' dir='ltr'><strong>infidelium</strong></span> <span class='ocrx_word' id='word_1_9' title='bbox 1612 502 1615 512; x_wconf 92' lang='lat'><em>·</em></span> 
     </span>
    </p>
   </div>
   <div class='ocr_carea' id='block_1_3' title="bbox 228 569 1515 3402">
    <p class='ocr_par' dir='ltr' id='par_1_3' title="bbox 228 569 1511 756">
     <span class='ocr_line' id='line_1_3' title="bbox 228 569 1511 666; baseline 0.003 -24"><span class='ocrx_word' id='word_1_10' title='bbox 228 649 236 666; x_wconf 45' lang='lat'><strong>,</strong></span> <span class='ocrx_word' id='word_1_11' title='bbox 262 577 457 644; x_wconf 71' lang='lat' dir='ltr'><strong>conversione</strong></span> <span class='ocrx_word' id='word_1_12' title='bbox 477 583 508 644; x_wconf 84' lang='lat' dir='ltr'><strong>et</strong></span> <span class='ocrx_word' id='word_1_13' title='bbox 528 577 559 644; x_wconf 87' lang='lat' dir='ltr'><strong>S.</strong></span> <span class='ocrx_word' id='word_1_14' title='bbox 580 571 683 644; x_wconf 86' lang='lat' dir='ltr'><strong>ldatris</strong></span> <span class='ocrx_word' id='word_1_15' title='bbox 703 575 854 644; x_wconf 80' lang='lat' dir='ltr'><strong>Ecclesiae</strong></span> <span class='ocrx_word' id='word_1_16' title='bbox 875 575 1058 643; x_wconf 69' lang='lat' dir='ltr'><strong>exaltatione</strong></span> <span class='ocrx_word' id='word_1_17' title='bbox 1079 584 1114 641; x_wconf 87' lang='lat' dir='ltr'><strong>ac</strong></span> <span class='ocrx_word' id='word_1_18' title='bbox 1134 575 1255 644; x_wconf 80' lang='lat' dir='ltr'><strong>Summi</strong></span> <span class='ocrx_word' id='word_1_19' title='bbox 1269 569 1425 644; x_wconf 84' lang='lat' dir='ltr'><strong>Peritillcis</strong></span> <span class='ocrx_word' id='word_1_20' title='bbox 1438 585 1511 663; x_wconf 56' lang='lat' dir='ltr'><strong>pre*</strong></span> 
     </span>
     <span class='ocr_line' id='line_1_4' title="bbox 262 664 1474 756; baseline 0.001 -20"><span class='ocrx_word' id='word_1_21' title='bbox 262 664 405 755; x_wconf 73' lang='lat' dir='ltr'><strong>speritate</strong></span> <span class='ocrx_word' id='word_1_22' title='bbox 425 673 475 756; x_wconf 87' lang='lat' dir='ltr'><strong>pla</strong></span> <span class='ocrx_word' id='word_1_23' title='bbox 495 668 657 738; x_wconf 88' lang='lat' dir='ltr'><strong>oraverint.</strong></span> <span class='ocrx_word' id='word_1_24' title='bbox 1287 703 1293 714; x_wconf 93' lang='lat'><strong>·</strong></span> <span class='ocrx_word' id='word_1_25' title='bbox 1470 667 1474 676; x_wconf 84' lang='lat'>&#39;</span> 
     </span>
    </p>

    <p class='ocr_par' dir='ltr' id='par_1_4' title="bbox 261 749 1512 1232">
     <span class='ocr_line' id='line_1_5' title="bbox 342 749 1511 852; baseline 0.003 -22"><span class='ocrx_word' id='word_1_26' title='bbox 342 766 533 849; x_wconf 80' lang='lat' dir='ltr'><strong>induigentia</strong></span> <span class='ocrx_word' id='word_1_27' title='bbox 555 771 672 850; x_wconf 90' lang='lat' dir='ltr'><strong>septem</strong></span> <span class='ocrx_word' id='word_1_28' title='bbox 691 781 851 852; x_wconf 86' lang='lat' dir='ltr'><strong>annornm,</strong></span> <span class='ocrx_word' id='word_1_29' title='bbox 872 765 1059 847; x_wconf 82' lang='lat' dir='ltr'><strong>totidemque</strong></span> <span class='ocrx_word' id='word_1_30' title='bbox 1086 764 1352 848; x_wconf 80' lang='lat' dir='ltr'><strong>quadragenarum</strong></span> <span class='ocrx_word' id='word_1_31' title='bbox 1378 749 1511 849; x_wconf 79' lang='lat' dir='ltr'><strong>singuiis</strong></span> 
     </span>
     <span class='ocr_line' id='line_1_6' title="bbox 263 849 1511 942; baseline 0.002 -16"><span class='ocrx_word' id='word_1_32' title='bbox 263 861 472 926; x_wconf 82' lang='lat' dir='ltr'><strong>Confratribns</strong></span> <span class='ocrx_word' id='word_1_33' title='bbox 497 869 527 926; x_wconf 89' lang='lat' dir='ltr'><strong>et</strong></span> <span class='ocrx_word' id='word_1_34' title='bbox 548 861 778 941; x_wconf 70' lang='lat' dir='ltr'><strong>consororibus,</strong></span> <span class='ocrx_word' id='word_1_35' title='bbox 802 861 856 942; x_wconf 75' lang='lat' dir='ltr'><strong>qul</strong></span> <span class='ocrx_word' id='word_1_36' title='bbox 883 849 1073 942; x_wconf 78' lang='lat' dir='ltr'><strong>expositioni</strong></span> <span class='ocrx_word' id='word_1_37' title='bbox 1103 860 1293 928; x_wconf 88' lang='lat' dir='ltr'><strong>Sanctissimi</strong></span> <span class='ocrx_word' id='word_1_38' title='bbox 1322 863 1511 930; x_wconf 86' lang='lat' dir='ltr'><strong>Sacramenti</strong></span> 
     </span>
     <span class='ocr_line' id='line_1_7' title="bbox 261 951 1512 1038; baseline 0.006 -22"><span class='ocrx_word' id='word_1_39' title='bbox 261 969 385 1038; x_wconf 72' lang='lat' dir='ltr'><strong>vespere</strong></span> <span class='ocrx_word' id='word_1_40' title='bbox 405 955 437 1020; x_wconf 92' lang='lat' dir='ltr'><strong>in</strong></span> <span class='ocrx_word' id='word_1_41' title='bbox 458 951 596 1038; x_wconf 81' lang='lat' dir='ltr'><strong>qnalibet</strong></span> <span class='ocrx_word' id='word_1_42' title='bbox 615 957 655 1022; x_wconf 85' lang='lat' dir='ltr'><strong>eir</strong></span> <span class='ocrx_word' id='word_1_43' title='bbox 675 955 764 1022; x_wconf 67' lang='lat' dir='ltr'><strong>dicte</strong></span> <span class='ocrx_word' id='word_1_44' title='bbox 785 955 868 1022; x_wconf 82' lang='lat' dir='ltr'><strong>fariis</strong></span> <span class='ocrx_word' id='word_1_45' title='bbox 888 955 992 1034; x_wconf 78' lang='lat' dir='ltr'><strong>sentis,</strong></span> <span class='ocrx_word' id='word_1_46' title='bbox 1012 955 1066 1020; x_wconf 85' lang='lat' dir='ltr'><strong>se&#39;u</strong></span> <span class='ocrx_word' id='word_1_47' title='bbox 1087 955 1254 1022; x_wconf 78' lang='lat' dir='ltr'><strong>Dominicis</strong></span> <span class='ocrx_word' id='word_1_48' title='bbox 1274 955 1440 1037; x_wconf 81' lang='lat' dir='ltr'><strong>faciendae,</strong></span> <span class='ocrx_word' id='word_1_49' title='bbox 1460 959 1512 1023; x_wconf 86' lang='lat' dir='ltr'><strong>de</strong></span> 
     </span>
     <span class='ocr_line' id='line_1_8' title="bbox 264 1049 1511 1136; baseline 0.003 -24"><span class='ocrx_word' id='word_1_50' title='bbox 264 1057 330 1116; x_wconf 88' lang='lat' dir='ltr'><strong>vete</strong></span> <span class='ocrx_word' id='word_1_51' title='bbox 351 1049 610 1132; x_wconf 73' lang='lat' dir='ltr'><strong>¹interfuerintgut</strong></span> <span class='ocrx_word' id='word_1_52' title='bbox 623 1055 658 1117; x_wconf 89' lang='lat' dir='ltr'><strong>ut</strong></span> <span class='ocrx_word' id='word_1_53' title='bbox 675 1065 767 1134; x_wconf 84' lang='lat' dir='ltr'><strong>supra</strong></span> <span class='ocrx_word' id='word_1_54' title='bbox 787 1051 940 1115; x_wconf 89' lang='lat' dir='ltr'><strong>oraverint</strong></span> <span class='ocrx_word' id='word_1_55' title='bbox 959 1055 1013 1114; x_wconf 90' lang='lat' dir='ltr'><strong>aut</strong></span> <span class='ocrx_word' id='word_1_56' title='bbox 1032 1065 1144 1130; x_wconf 89' lang='lat' dir='ltr'><strong>corpus</strong></span> <span class='ocrx_word' id='word_1_57' title='bbox 1163 1066 1255 1118; x_wconf 88' lang='lat' dir='ltr'><strong>sunm</strong></span> <span class='ocrx_word' id='word_1_58' title='bbox 1275 1051 1511 1136; x_wconf 71' lang='lat' dir='ltr'><strong>flagellaverint,</strong></span> 
     </span>
     <span class='ocr_line' id='line_1_9' title="bbox 261 1123 999 1232; baseline -0.007 -22"><span class='ocrx_word' id='word_1_59' title='bbox 261 1161 316 1210; x_wconf 89' lang='lat' dir='ltr'><strong>seu</strong></span> <span class='ocrx_word' id='word_1_60' title='bbox 336 1151 371 1208; x_wconf 92' lang='lat' dir='ltr'><strong>ut</strong></span> <span class='ocrx_word' id='word_1_61' title='bbox 392 1143 481 1226; x_wconf 89' lang='lat' dir='ltr'><strong>vulgo</strong></span> <span class='ocrx_word' id='word_1_62' title='bbox 501 1138 624 1224; x_wconf 88' lang='lat' dir='ltr'><strong>dicitur,</strong></span> <span class='ocrx_word' id='word_1_63' title='bbox 645 1143 838 1232; x_wconf 77' lang='lat' dir='ltr'><strong>disciplinam</strong></span> <span class='ocrx_word' id='word_1_64' title='bbox 861 1123 999 1208; x_wconf 80' lang='lat' dir='ltr'><strong>iecerint.</strong></span> 
     </span>
    </p>

    <p class='ocr_par' dir='ltr' id='par_1_5' title="bbox 260 1217 1514 2077">
     <span class='ocr_line' id='line_1_10' title="bbox 344 1217 1512 1322; baseline 0.001 -18"><span class='ocrx_word' id='word_1_65' title='bbox 344 1234 537 1321; x_wconf 87' lang='lat' dir='ltr'><strong>indulgentia</strong></span> <span class='ocrx_word' id='word_1_66' title='bbox 558 1230 650 1304; x_wconf 86' lang='lat' dir='ltr'><strong>unius</strong></span> <span class='ocrx_word' id='word_1_67' title='bbox 671 1235 743 1302; x_wconf 84' lang='lat' dir='ltr'><strong>adiri</strong></span> <span class='ocrx_word' id='word_1_68' title='bbox 765 1217 906 1303; x_wconf 87' lang='lat' dir='ltr'><strong>omnibus</strong></span> <span class='ocrx_word' id='word_1_69' title='bbox 921 1237 1130 1304; x_wconf 79' lang='lat' dir='ltr'><strong>confratribus</strong></span> <span class='ocrx_word' id='word_1_70' title='bbox 1143 1237 1180 1302; x_wconf 84' lang='lat' dir='ltr'><strong>&#39;et</strong></span> <span class='ocrx_word' id='word_1_71' title='bbox 1193 1237 1422 1320; x_wconf 87' lang='lat' dir='ltr'><strong>consororibus,</strong></span> <span class='ocrx_word' id='word_1_72' title='bbox 1438 1257 1512 1322; x_wconf 81' lang='lat' dir='ltr'><strong>que</strong></span> 
     </span>
     <span class='ocr_line' id='line_1_11' title="bbox 260 1311 1514 1417; baseline 0.003 -20"><span class='ocrx_word' id='word_1_73' title='bbox 260 1333 319 1398; x_wconf 86' lang='lat' dir='ltr'><strong>ties</strong></span> <span class='ocrx_word' id='word_1_74' title='bbox 341 1332 467 1417; x_wconf 78' lang='lat' dir='ltr'><strong>corpora</strong></span> <span class='ocrx_word' id='word_1_75' title='bbox 489 1311 702 1399; x_wconf 76' lang='lat' dir='ltr'><strong>defunctorum</strong></span> <span class='ocrx_word' id='word_1_76' title='bbox 721 1331 760 1398; x_wconf 92' lang='lat' dir='ltr'><strong>ad</strong></span> <span class='ocrx_word' id='word_1_77' title='bbox 781 1332 970 1415; x_wconf 76' lang='lat' dir='ltr'><strong>sepulturam</strong></span> <span class='ocrx_word' id='word_1_78' title='bbox 990 1333 1215 1413; x_wconf 78' lang='lat' dir='ltr'><strong>associaverint,</strong></span> <span class='ocrx_word' id='word_1_79' title='bbox 1229 1334 1277 1398; x_wconf 90' lang='lat' dir='ltr'><strong>vel</strong></span> <span class='ocrx_word' id='word_1_80' title='bbox 1290 1334 1316 1397; x_wconf 90' lang='lat' dir='ltr'><strong>si</strong></span> <span class='ocrx_word' id='word_1_81' title='bbox 1331 1335 1445 1400; x_wconf 87' lang='lat' dir='ltr'><strong>infirmi</strong></span> <span class='ocrx_word' id='word_1_82' title='bbox 1459 1343 1514 1401; x_wconf 90' lang='lat' dir='ltr'><strong>ant</strong></span> 
     </span>
     <span class='ocr_line' id='line_1_12' title="bbox 262 1429 1513 1512; baseline 0.001 -17"><span class='ocrx_word' id='word_1_83' title='bbox 262 1431 398 1512; x_wconf 81' lang='lat' dir='ltr'><strong>legitime</strong></span> <span class='ocrx_word' id='word_1_84' title='bbox 420 1431 557 1512; x_wconf 90' lang='lat' dir='ltr'><strong>impediti</strong></span> <span class='ocrx_word' id='word_1_85' title='bbox 580 1431 683 1495; x_wconf 90' lang='lat' dir='ltr'><strong>audite</strong></span> <span class='ocrx_word' id='word_1_86' title='bbox 703 1431 792 1512; x_wconf 85' lang='lat' dir='ltr'><strong>signo</strong></span> <span class='ocrx_word' id='word_1_87' title='bbox 812 1445 979 1512; x_wconf 87' lang='lat' dir='ltr'><strong>campanae</strong></span> <span class='ocrx_word' id='word_1_88' title='bbox 1000 1429 1175 1494; x_wconf 89' lang='lat' dir='ltr'><strong>Orationem</strong></span> <span class='ocrx_word' id='word_1_89' title='bbox 1194 1429 1385 1496; x_wconf 79' lang='lat' dir='ltr'><strong>Dominicam</strong></span> <span class='ocrx_word' id='word_1_90' title='bbox 1406 1436 1437 1496; x_wconf 88' lang='lat' dir='ltr'><strong>et</strong></span> <span class='ocrx_word' id='word_1_91' title='bbox 1457 1431 1513 1496; x_wconf 90' lang='lat' dir='ltr'><strong>Sa-</strong></span> 
     </span>
     <span class='ocr_line' id='line_1_13' title="bbox 263 1519 1512 1606; baseline 0.002 -17"><span class='ocrx_word' id='word_1_92' title='bbox 263 1524 442 1590; x_wconf 88' lang='lat' dir='ltr'><strong>lutationem</strong></span> <span class='ocrx_word' id='word_1_93' title='bbox 462 1525 639 1606; x_wconf 77' lang='lat' dir='ltr'><strong>angelicam</strong></span> <span class='ocrx_word' id='word_1_94' title='bbox 660 1541 714 1606; x_wconf 89' lang='lat' dir='ltr'><strong>pro</strong></span> <span class='ocrx_word' id='word_1_95' title='bbox 735 1522 832 1588; x_wconf 87' lang='lat' dir='ltr'><strong>salute</strong></span> <span class='ocrx_word' id='word_1_96' title='bbox 853 1519 972 1588; x_wconf 89' lang='lat' dir='ltr'><strong>animae</strong></span> <span class='ocrx_word' id='word_1_97' title='bbox 994 1522 1129 1588; x_wconf 79' lang='lat' dir='ltr'><strong>defuncti</strong></span> <span class='ocrx_word' id='word_1_98' title='bbox 1151 1523 1353 1603; x_wconf 87' lang='lat' dir='ltr'><strong>recitaverint,</strong></span> <span class='ocrx_word' id='word_1_99' title='bbox 1367 1531 1419 1589; x_wconf 89' lang='lat' dir='ltr'><strong>aut</strong></span> <span class='ocrx_word' id='word_1_100' title='bbox 1436 1525 1512 1591; x_wconf 92' lang='lat' dir='ltr'><strong>con·</strong></span> 
     </span>
     <span class='ocr_line' id='line_1_14' title="bbox 262 1616 1514 1702; baseline 0.002 -20"><span class='ocrx_word' id='word_1_101' title='bbox 262 1619 503 1700; x_wconf 87' lang='lat' dir='ltr'><strong>gregationibus,</strong></span> <span class='ocrx_word' id='word_1_102' title='bbox 523 1625 585 1684; x_wconf 75' lang='lat' dir='ltr'><strong>um</strong></span> <span class='ocrx_word' id='word_1_103' title='bbox 606 1618 737 1700; x_wconf 88' lang='lat' dir='ltr'><strong>publicis</strong></span> <span class='ocrx_word' id='word_1_104' title='bbox 756 1633 849 1698; x_wconf 86' lang='lat' dir='ltr'><strong>quam</strong></span> <span class='ocrx_word' id='word_1_105' title='bbox 871 1616 1003 1702; x_wconf 90' lang='lat' dir='ltr'><strong>privatis,</strong></span> <span class='ocrx_word' id='word_1_106' title='bbox 1024 1632 1060 1680; x_wconf 89' lang='lat' dir='ltr'><strong>ac</strong></span> <span class='ocrx_word' id='word_1_107' title='bbox 1080 1616 1199 1681; x_wconf 82' lang='lat' dir='ltr'><strong>Divinis</strong></span> <span class='ocrx_word' id='word_1_108' title='bbox 1220 1616 1334 1683; x_wconf 86' lang='lat' dir='ltr'><strong>Officiis</strong></span> <span class='ocrx_word' id='word_1_109' title='bbox 1347 1619 1514 1700; x_wconf 89' lang='lat' dir='ltr'><strong>spirituali·</strong></span> 
     </span>
     <span class='ocr_line' id='line_1_15' title="bbox 261 1708 1513 1795; baseline 0.001 -17"><span class='ocrx_word' id='word_1_110' title='bbox 261 1713 380 1794; x_wconf 77' lang='lat' dir='ltr'><strong>hoedus</strong></span> <span class='ocrx_word' id='word_1_111' title='bbox 400 1711 568 1795; x_wconf 85' lang='lat' dir='ltr'><strong>colloquiis,</strong></span> <span class='ocrx_word' id='word_1_112' title='bbox 582 1708 855 1791; x_wconf 77' lang='lat' dir='ltr'><strong>evoornuonieor,</strong></span> <span class='ocrx_word' id='word_1_113' title='bbox 869 1716 900 1774; x_wconf 89' lang='lat' dir='ltr'><strong>et</strong></span> <span class='ocrx_word' id='word_1_114' title='bbox 913 1713 981 1775; x_wconf 86' lang='lat' dir='ltr'><strong>aliis</strong></span> <span class='ocrx_word' id='word_1_115' title='bbox 995 1711 1053 1792; x_wconf 87' lang='lat' dir='ltr'><strong>piis</strong></span> <span class='ocrx_word' id='word_1_116' title='bbox 1067 1709 1175 1776; x_wconf 79' lang='lat' dir='ltr'><strong>officiis</strong></span> <span class='ocrx_word' id='word_1_117' title='bbox 1194 1718 1248 1776; x_wconf 88' lang='lat' dir='ltr'><strong>aui</strong></span> <span class='ocrx_word' id='word_1_118' title='bbox 1267 1713 1377 1778; x_wconf 78' lang='lat' dir='ltr'><strong>diebus</strong></span> <span class='ocrx_word' id='word_1_119' title='bbox 1395 1709 1513 1779; x_wconf 78' lang='lat' dir='ltr'><strong>innatis</strong></span> 
     </span>
     <span class='ocr_line' id='line_1_16' title="bbox 260 1803 1513 1889; baseline 0.002 -16"><span class='ocrx_word' id='word_1_120' title='bbox 260 1805 368 1873; x_wconf 71' lang='lat' dir='ltr'><strong>cistae</strong></span> <span class='ocrx_word' id='word_1_121' title='bbox 394 1803 548 1873; x_wconf 72' lang='lat' dir='ltr'><strong>Sacrificio</strong></span> <span class='ocrx_word' id='word_1_122' title='bbox 570 1807 772 1886; x_wconf 76' lang='lat' dir='ltr'><strong>interfuerint,</strong></span> <span class='ocrx_word' id='word_1_123' title='bbox 792 1811 846 1871; x_wconf 91' lang='lat' dir='ltr'><strong>aut</strong></span> <span class='ocrx_word' id='word_1_124' title='bbox 867 1807 1037 1888; x_wconf 73' lang='lat' dir='ltr'><strong>vespertine</strong></span> <span class='ocrx_word' id='word_1_125' title='bbox 1058 1811 1193 1888; x_wconf 87' lang='lat' dir='ltr'><strong>tempore</strong></span> <span class='ocrx_word' id='word_1_126' title='bbox 1213 1810 1513 1889; x_wconf 65' lang='lat' dir='ltr'><strong>remissionnem</strong></span> 
     </span>
     <span class='ocr_line' id='line_1_17' title="bbox 262 1895 1510 1988; baseline 0.002 -22"><span class='ocrx_word' id='word_1_127' title='bbox 262 1902 478 1966; x_wconf 87' lang='lat' dir='ltr'><strong>conscientiam</strong></span> <span class='ocrx_word' id='word_1_128' title='bbox 499 1902 660 1982; x_wconf 89' lang='lat' dir='ltr'><strong>diiigenter</strong></span> <span class='ocrx_word' id='word_1_129' title='bbox 680 1901 930 1978; x_wconf 80' lang='lat' dir='ltr'><strong>examinaverint,</strong></span> <span class='ocrx_word' id='word_1_130' title='bbox 952 1913 1006 1966; x_wconf 88' lang='lat' dir='ltr'><strong>sou</strong></span> <span class='ocrx_word' id='word_1_131' title='bbox 1027 1895 1175 1982; x_wconf 77' lang='lat' dir='ltr'><strong>pauperes</strong></span> <span class='ocrx_word' id='word_1_132' title='bbox 1195 1901 1333 1966; x_wconf 85' lang='lat' dir='ltr'><strong>infirmos</strong></span> <span class='ocrx_word' id='word_1_133' title='bbox 1353 1905 1385 1968; x_wconf 91' lang='lat' dir='ltr'><strong>in</strong></span> <span class='ocrx_word' id='word_1_134' title='bbox 1408 1903 1510 1988; x_wconf 88' lang='lat' dir='ltr'><strong>hospi·</strong></span> 
     </span>
     <span class='ocr_line' id='line_1_18' title="bbox 261 1995 1326 2077; baseline 0.002 -17"><span class='ocrx_word' id='word_1_135' title='bbox 261 1996 375 2061; x_wconf 84' lang='lat' dir='ltr'><strong>talibus</strong></span> <span class='ocrx_word' id='word_1_136' title='bbox 398 1997 445 2061; x_wconf 91' lang='lat' dir='ltr'><strong>vei</strong></span> <span class='ocrx_word' id='word_1_137' title='bbox 465 1996 589 2077; x_wconf 87' lang='lat' dir='ltr'><strong>privatis</strong></span> <span class='ocrx_word' id='word_1_138' title='bbox 609 1995 761 2075; x_wconf 89' lang='lat' dir='ltr'><strong>domibus,</strong></span> <span class='ocrx_word' id='word_1_139' title='bbox 782 2011 838 2060; x_wconf 88' lang='lat' dir='ltr'><strong>nec</strong></span> <span class='ocrx_word' id='word_1_140' title='bbox 859 2011 920 2058; x_wconf 90' lang='lat' dir='ltr'><strong>nnn</strong></span> <span class='ocrx_word' id='word_1_141' title='bbox 942 2001 1110 2060; x_wconf 88' lang='lat' dir='ltr'><strong>carceratos</strong></span> <span class='ocrx_word' id='word_1_142' title='bbox 1132 1995 1326 2062; x_wconf 86' lang='lat' dir='ltr'><strong>visitaverint</strong></span> 
     </span>
    </p>

    <p class='ocr_par' dir='ltr' id='par_1_6' title="bbox 260 2081 1513 2832">
     <span class='ocr_line' id='line_1_19' title="bbox 342 2081 1512 2173; baseline -0.001 -16"><span class='ocrx_word' id='word_1_143' title='bbox 342 2081 455 2157; x_wconf 75' lang='lat' dir='ltr'><strong>Omnes</strong></span> <span class='ocrx_word' id='word_1_144' title='bbox 474 2095 505 2155; x_wconf 88' lang='lat' dir='ltr'><strong>et</strong></span> <span class='ocrx_word' id='word_1_145' title='bbox 524 2091 638 2172; x_wconf 86' lang='lat' dir='ltr'><strong>singuli</strong></span> <span class='ocrx_word' id='word_1_146' title='bbox 660 2089 831 2155; x_wconf 79' lang='lat' dir='ltr'><strong>confratres</strong></span> <span class='ocrx_word' id='word_1_147' title='bbox 851 2089 882 2155; x_wconf 93' lang='lat' dir='ltr'><strong>et</strong></span> <span class='ocrx_word' id='word_1_148' title='bbox 903 2089 1096 2168; x_wconf 87' lang='lat' dir='ltr'><strong>consorores,</strong></span> <span class='ocrx_word' id='word_1_149' title='bbox 1117 2089 1171 2169; x_wconf 80' lang='lat' dir='ltr'><strong>nui</strong></span> <span class='ocrx_word' id='word_1_150' title='bbox 1192 2087 1323 2171; x_wconf 85' lang='lat' dir='ltr'><strong>singuiis</strong></span> <span class='ocrx_word' id='word_1_151' title='bbox 1336 2085 1512 2173; x_wconf 77' lang='lat' dir='ltr'><strong>Quadrage·</strong></span> 
     </span>
     <span class='ocr_line' id='line_1_20' title="bbox 260 2181 1512 2267; baseline 0.001 -17"><span class='ocrx_word' id='word_1_152' title='bbox 260 2185 354 2250; x_wconf 83' lang='lat' dir='ltr'><strong>simae</strong></span> <span class='ocrx_word' id='word_1_153' title='bbox 374 2189 405 2250; x_wconf 89' lang='lat' dir='ltr'><strong>et</strong></span> <span class='ocrx_word' id='word_1_154' title='bbox 425 2185 492 2250; x_wconf 88' lang='lat' dir='ltr'><strong>cilis</strong></span> <span class='ocrx_word' id='word_1_155' title='bbox 514 2185 586 2250; x_wconf 89' lang='lat' dir='ltr'><strong>anni</strong></span> <span class='ocrx_word' id='word_1_156' title='bbox 608 2185 716 2250; x_wconf 80' lang='lat' dir='ltr'><strong>clebus</strong></span> <span class='ocrx_word' id='word_1_157' title='bbox 738 2187 768 2248; x_wconf 91' lang='lat' dir='ltr'><strong>in</strong></span> <span class='ocrx_word' id='word_1_158' title='bbox 790 2185 901 2250; x_wconf 84' lang='lat' dir='ltr'><strong>liissall</strong></span> <span class='ocrx_word' id='word_1_159' title='bbox 928 2185 1065 2249; x_wconf 82' lang='lat' dir='ltr'><strong>Romano</strong></span> <span class='ocrx_word' id='word_1_160' title='bbox 1093 2181 1263 2266; x_wconf 84' lang='lat' dir='ltr'><strong>descriptis,</strong></span> <span class='ocrx_word' id='word_1_161' title='bbox 1284 2185 1343 2249; x_wconf 91' lang='lat' dir='ltr'><strong>rite</strong></span> <span class='ocrx_word' id='word_1_162' title='bbox 1369 2184 1512 2267; x_wconf 85' lang='lat' dir='ltr'><strong>dispositi</strong></span> 
     </span>
     <span class='ocr_line' id='line_1_21' title="bbox 260 2275 1511 2362; baseline 0.001 -16"><span class='ocrx_word' id='word_1_163' title='bbox 260 2281 426 2346; x_wconf 82' lang='lat' dir='ltr'><strong>Ecclesiam</strong></span> <span class='ocrx_word' id='word_1_164' title='bbox 446 2277 478 2346; x_wconf 92' lang='lat' dir='ltr'><strong>ln</strong></span> <span class='ocrx_word' id='word_1_165' title='bbox 499 2289 559 2362; x_wconf 88' lang='lat' dir='ltr'><strong>qua</strong></span> <span class='ocrx_word' id='word_1_166' title='bbox 580 2279 781 2362; x_wconf 86' lang='lat' dir='ltr'><strong>congregatio</strong></span> <span class='ocrx_word' id='word_1_167' title='bbox 802 2281 952 2362; x_wconf 85' lang='lat' dir='ltr'><strong>reperitur</strong></span> <span class='ocrx_word' id='word_1_168' title='bbox 976 2285 1077 2344; x_wconf 87' lang='lat' dir='ltr'><strong>erecta</strong></span> <span class='ocrx_word' id='word_1_169' title='bbox 1098 2279 1207 2344; x_wconf 90' lang='lat' dir='ltr'><strong>devote</strong></span> <span class='ocrx_word' id='word_1_170' title='bbox 1228 2275 1426 2360; x_wconf 83' lang='lat' dir='ltr'><strong>visitaverint,</strong></span> <span class='ocrx_word' id='word_1_171' title='bbox 1450 2279 1511 2347; x_wconf 75' lang='lat' dir='ltr'><strong>ihiv</strong></span> 
     </span>
     <span class='ocr_line' id='line_1_22' title="bbox 261 2371 1512 2463; baseline 0.001 -23"><span class='ocrx_word' id='word_1_172' title='bbox 261 2392 321 2458; x_wconf 83' lang='lat' dir='ltr'><strong>qne</strong></span> <span class='ocrx_word' id='word_1_173' title='bbox 339 2376 428 2456; x_wconf 85' lang='lat' dir='ltr'><strong>juxta</strong></span> <span class='ocrx_word' id='word_1_174' title='bbox 449 2381 583 2440; x_wconf 89' lang='lat' dir='ltr'><strong>mentem</strong></span> <span class='ocrx_word' id='word_1_175' title='bbox 609 2373 784 2440; x_wconf 75' lang='lat' dir='ltr'><strong>sanctitatis</strong></span> <span class='ocrx_word' id='word_1_176' title='bbox 804 2375 883 2440; x_wconf 85' lang='lat' dir='ltr'><strong>Suae</strong></span> <span class='ocrx_word' id='word_1_177' title='bbox 904 2387 959 2455; x_wconf 89' lang='lat' dir='ltr'><strong>per</strong></span> <span class='ocrx_word' id='word_1_178' title='bbox 980 2371 1108 2463; x_wconf 26' lang='lat' dir='ltr'><strong>&#39;aliquod</strong></span> <span class='ocrx_word' id='word_1_179' title='bbox 1134 2371 1277 2456; x_wconf 82' lang='lat' dir='ltr'><strong>temporis</strong></span> <span class='ocrx_word' id='word_1_180' title='bbox 1302 2375 1436 2456; x_wconf 85' lang='lat' dir='ltr'><strong>spatldni</strong></span> <span class='ocrx_word' id='word_1_181' title='bbox 1461 2377 1512 2457; x_wconf 88' lang='lat' dir='ltr'><strong>ple</strong></span> 
     </span>
     <span class='ocr_line' id='line_1_23' title="bbox 262 2465 1513 2550; baseline 0 -16"><span class='ocrx_word' id='word_1_182' title='bbox 262 2469 424 2549; x_wconf 79' lang='lat' dir='ltr'><strong>oraverint,</strong></span> <span class='ocrx_word' id='word_1_183' title='bbox 450 2479 501 2534; x_wconf 87' lang='lat' dir='ltr'><strong>eas</strong></span> <span class='ocrx_word' id='word_1_184' title='bbox 528 2482 633 2534; x_wconf 85' lang='lat' dir='ltr'><strong>omnes</strong></span> <span class='ocrx_word' id='word_1_185' title='bbox 653 2475 684 2534; x_wconf 88' lang='lat' dir='ltr'><strong>et</strong></span> <span class='ocrx_word' id='word_1_186' title='bbox 705 2469 842 2550; x_wconf 87' lang='lat' dir='ltr'><strong>singulas</strong></span> <span class='ocrx_word' id='word_1_187' title='bbox 866 2465 1075 2547; x_wconf 88' lang='lat' dir='ltr'><strong>indulgentias</strong></span> <span class='ocrx_word' id='word_1_188' title='bbox 1101 2471 1192 2548; x_wconf 88' lang='lat' dir='ltr'><strong>proni</strong></span> <span class='ocrx_word' id='word_1_189' title='bbox 1212 2469 1244 2532; x_wconf 91' lang='lat' dir='ltr'><strong>in</strong></span> <span class='ocrx_word' id='word_1_190' title='bbox 1265 2467 1392 2533; x_wconf 75' lang='lat' dir='ltr'><strong>Decretis</strong></span> <span class='ocrx_word' id='word_1_191' title='bbox 1417 2465 1513 2550; x_wconf 86' lang='lat' dir='ltr'><strong>hujus</strong></span> 
     </span>
     <span class='ocr_line' id='line_1_24' title="bbox 260 2559 1513 2646; baseline 0.001 -17"><span class='ocrx_word' id='word_1_192' title='bbox 260 2564 327 2630; x_wconf 84' lang='lat' dir='ltr'><strong>Sec.</strong></span> <span class='ocrx_word' id='word_1_193' title='bbox 348 2563 598 2644; x_wconf 83' lang='lat' dir='ltr'><strong>congregationis</strong></span> <span class='ocrx_word' id='word_1_194' title='bbox 619 2562 881 2645; x_wconf 72' lang='lat' dir='ltr'><strong>indulgentiarum</strong></span> <span class='ocrx_word' id='word_1_195' title='bbox 895 2559 1066 2628; x_wconf 87' lang='lat' dir='ltr'><strong>dieiiinlli</strong></span> <span class='ocrx_word' id='word_1_196' title='bbox 1086 2559 1412 2644; x_wconf 84' lang='lat' dir='ltr'><strong>lfifcnnscqnantnr,</strong></span> <span class='ocrx_word' id='word_1_197' title='bbox 1434 2568 1513 2646; x_wconf 77' lang='lat' dir='ltr'><strong>quas</strong></span> 
     </span>
     <span class='ocr_line' id='line_1_25' title="bbox 261 2655 1513 2740; baseline 0.001 -17"><span class='ocrx_word' id='word_1_198' title='bbox 261 2664 519 2740; x_wconf 85' lang='lat' dir='ltr'><strong>consequerentur</strong></span> <span class='ocrx_word' id='word_1_199' title='bbox 538 2659 564 2721; x_wconf 88' lang='lat' dir='ltr'><strong>si</strong></span> <span class='ocrx_word' id='word_1_200' title='bbox 577 2657 728 2722; x_wconf 79' lang='lat' dir='ltr'><strong>ccclesias</strong></span> <span class='ocrx_word' id='word_1_201' title='bbox 749 2658 838 2722; x_wconf 84' lang='lat' dir='ltr'><strong>lirinis</strong></span> <span class='ocrx_word' id='word_1_202' title='bbox 860 2659 915 2739; x_wconf 82' lang='lat' dir='ltr'><strong>pr&#39;o</strong></span> <span class='ocrx_word' id='word_1_203' title='bbox 936 2659 1159 2738; x_wconf 83' lang='lat' dir='ltr'><strong>consequendis</strong></span> <span class='ocrx_word' id='word_1_204' title='bbox 1179 2655 1382 2740; x_wconf 75' lang='lat' dir='ltr'><strong>indulgentiis</strong></span> <span class='ocrx_word' id='word_1_205' title='bbox 1401 2659 1513 2724; x_wconf 82' lang='lat' dir='ltr'><strong>sintin</strong></span> 
     </span>
     <span class='ocr_line' id='line_1_26' title="bbox 262 2750 937 2832; baseline -0.001 -16"><span class='ocrx_word' id='word_1_206' title='bbox 262 2765 337 2816; x_wconf 89' lang='lat' dir='ltr'><strong>num</strong></span> <span class='ocrx_word' id='word_1_207' title='bbox 357 2752 529 2832; x_wconf 86' lang='lat' dir='ltr'><strong>designatas</strong></span> <span class='ocrx_word' id='word_1_208' title='bbox 551 2751 749 2832; x_wconf 79' lang='lat' dir='ltr'><strong>personaliter</strong></span> <span class='ocrx_word' id='word_1_209' title='bbox 771 2750 937 2816; x_wconf 72' lang='lat' dir='ltr'><strong>visitarent.</strong></span> 
     </span>
    </p>

    <p class='ocr_par' dir='ltr' id='par_1_7' title="bbox 262 2843 1513 3025">
     <span class='ocr_line' id='line_1_27' title="bbox 345 2843 1513 2928; baseline 0.003 -18"><span class='ocrx_word' id='word_1_210' title='bbox 345 2843 457 2910; x_wconf 83' lang='lat' dir='ltr'><strong>omnes</strong></span> <span class='ocrx_word' id='word_1_211' title='bbox 477 2851 509 2909; x_wconf 89' lang='lat' dir='ltr'><strong>ot</strong></span> <span class='ocrx_word' id='word_1_212' title='bbox 528 2845 666 2927; x_wconf 83' lang='lat' dir='ltr'><strong>singulae</strong></span> <span class='ocrx_word' id='word_1_213' title='bbox 680 2847 830 2926; x_wconf 88' lang='lat' dir='ltr'><strong>praefatae</strong></span> <span class='ocrx_word' id='word_1_214' title='bbox 851 2847 1062 2928; x_wconf 87' lang='lat' dir='ltr'><strong>indulgentiae</strong></span> <span class='ocrx_word' id='word_1_215' title='bbox 1081 2847 1144 2910; x_wconf 86' lang='lat' dir='ltr'><strong>sive</strong></span> <span class='ocrx_word' id='word_1_216' title='bbox 1159 2847 1311 2928; x_wconf 79' lang='lat' dir='ltr'><strong>plenariae</strong></span> <span class='ocrx_word' id='word_1_217' title='bbox 1323 2848 1388 2913; x_wconf 86' lang='lat' dir='ltr'><strong>slve</strong></span> <span class='ocrx_word' id='word_1_218' title='bbox 1401 2847 1513 2928; x_wconf 73' lang='lat' dir='ltr'><strong>panis·-</strong></span> 
     </span>
     <span class='ocr_line' id='line_1_28' title="bbox 262 2939 1513 3025; baseline 0.001 -18"><span class='ocrx_word' id='word_1_219' title='bbox 262 2941 306 3008; x_wconf 87' lang='lat' dir='ltr'><strong>les</strong></span> <span class='ocrx_word' id='word_1_220' title='bbox 320 2947 447 3024; x_wconf 83' lang='lat' dir='ltr'><strong>possunt</strong></span> <span class='ocrx_word' id='word_1_221' title='bbox 461 2941 620 3006; x_wconf 85' lang='lat' dir='ltr'><strong>animabus</strong></span> <span class='ocrx_word' id='word_1_222' title='bbox 630 2941 767 3008; x_wconf 87' lang='lat' dir='ltr'><strong>ridellum</strong></span> <span class='ocrx_word' id='word_1_223' title='bbox 780 2941 992 3007; x_wconf 87' lang='lat' dir='ltr'><strong>defunctorum</strong></span> <span class='ocrx_word' id='word_1_224' title='bbox 1004 2955 1058 3022; x_wconf 89' lang='lat' dir='ltr'><strong>per</strong></span> <span class='ocrx_word' id='word_1_225' title='bbox 1067 2939 1193 3006; x_wconf 91' lang='lat' dir='ltr'><strong>modum</strong></span> <span class='ocrx_word' id='word_1_226' title='bbox 1203 2943 1341 3025; x_wconf 85' lang='lat' dir='ltr'><strong>suffragii</strong></span> <span class='ocrx_word' id='word_1_227' title='bbox 1352 2941 1513 3025; x_wconf 85' lang='lat' dir='ltr'><strong>applicari.</strong></span> 
     </span>
    </p>

    <p class='ocr_par' dir='ltr' id='par_1_8' title="bbox 261 3033 1515 3402">
     <span class='ocr_line' id='line_1_29' title="bbox 342 3033 1515 3118; baseline 0 -16"><span class='ocrx_word' id='word_1_228' title='bbox 342 3035 463 3115; x_wconf 83' lang='lat' dir='ltr'><strong>Singuli</strong></span> <span class='ocrx_word' id='word_1_229' title='bbox 478 3033 650 3100; x_wconf 73' lang='lat' dir='ltr'><strong>monstres</strong></span> <span class='ocrx_word' id='word_1_230' title='bbox 669 3041 700 3100; x_wconf 90' lang='lat' dir='ltr'><strong>ei</strong></span> <span class='ocrx_word' id='word_1_231' title='bbox 720 3035 902 3101; x_wconf 77' lang='lat' dir='ltr'><strong>consorores</strong></span> <span class='ocrx_word' id='word_1_232' title='bbox 916 3037 1031 3116; x_wconf 82' lang='lat' dir='ltr'><strong>unique</strong></span> <span class='ocrx_word' id='word_1_233' title='bbox 1046 3035 1182 3100; x_wconf 86' lang='lat' dir='ltr'><strong>locorum</strong></span> <span class='ocrx_word' id='word_1_234' title='bbox 1203 3047 1258 3118; x_wconf 83' lang='lat' dir='ltr'><strong>pro</strong></span> <span class='ocrx_word' id='word_1_235' title='bbox 1278 3041 1414 3118; x_wconf 86' lang='lat' dir='ltr'><strong>tempere</strong></span> <span class='ocrx_word' id='word_1_236' title='bbox 1426 3049 1515 3103; x_wconf 89' lang='lat' dir='ltr'><strong>ccm-</strong></span> 
     </span>
     <span class='ocr_line' id='line_1_30' title="bbox 261 3123 1512 3212; baseline -0.001 -16"><span class='ocrx_word' id='word_1_237' title='bbox 261 3133 538 3212; x_wconf 66' lang='lat' dir='ltr'><strong>maracleensem</strong></span> <span class='ocrx_word' id='word_1_238' title='bbox 559 3129 722 3212; x_wconf 85' lang='lat' dir='ltr'><strong>praediola,</strong></span> <span class='ocrx_word' id='word_1_239' title='bbox 743 3142 823 3211; x_wconf 81' lang='lat' dir='ltr'><strong>noae</strong></span> <span class='ocrx_word' id='word_1_240' title='bbox 845 3131 901 3212; x_wconf 85' lang='lat' dir='ltr'><strong>ipsi</strong></span> <span class='ocrx_word' id='word_1_241' title='bbox 922 3125 1041 3196; x_wconf 83' lang='lat' dir='ltr'><strong>sodales</strong></span> <span class='ocrx_word' id='word_1_242' title='bbox 1061 3141 1116 3210; x_wconf 85' lang='lat' dir='ltr'><strong>prn</strong></span> <span class='ocrx_word' id='word_1_243' title='bbox 1136 3123 1327 3210; x_wconf 83' lang='lat' dir='ltr'><strong>singularum</strong></span> <span class='ocrx_word' id='word_1_244' title='bbox 1348 3129 1512 3212; x_wconf 87' lang='lat' dir='ltr'><strong>indulgen·</strong></span> 
     </span>
     <span class='ocr_line' id='line_1_31' title="bbox 263 3219 1512 3305; baseline 0.001 -15"><span class='ocrx_word' id='word_1_245' title='bbox 263 3223 375 3290; x_wconf 85' lang='lat' dir='ltr'><strong>iteruin</strong></span> <span class='ocrx_word' id='word_1_246' title='bbox 394 3219 610 3290; x_wconf 83' lang='lat' dir='ltr'><strong>consecutione</strong></span> <span class='ocrx_word' id='word_1_247' title='bbox 630 3225 790 3290; x_wconf 81' lang='lat' dir='ltr'><strong>obsecrare</strong></span> <span class='ocrx_word' id='word_1_248' title='bbox 810 3225 964 3304; x_wconf 83' lang='lat' dir='ltr'><strong>deberent,</strong></span> <span class='ocrx_word' id='word_1_249' title='bbox 985 3229 1076 3305; x_wconf 83' lang='lat' dir='ltr'><strong>proni</strong></span> <span class='ocrx_word' id='word_1_250' title='bbox 1096 3229 1239 3304; x_wconf 87' lang='lat' dir='ltr'><strong>poterunt</strong></span> <span class='ocrx_word' id='word_1_251' title='bbox 1258 3223 1456 3304; x_wconf 67' lang='lat' dir='ltr'><strong>cremando,</strong></span> <span class='ocrx_word' id='word_1_252' title='bbox 1476 3231 1512 3292; x_wconf 88' lang='lat' dir='ltr'><strong>ei</strong></span> 
     </span>
     <span class='ocr_line' id='line_1_32' title="bbox 262 3311 1513 3402; baseline 0 -18"><span class='ocrx_word' id='word_1_253' title='bbox 262 3311 452 3402; x_wconf 79' lang='lat' dir='ltr'><strong>exequendo,</strong></span> <span class='ocrx_word' id='word_1_254' title='bbox 463 3328 568 3385; x_wconf 88' lang='lat' dir='ltr'><strong>omnes</strong></span> <span class='ocrx_word' id='word_1_255' title='bbox 587 3319 710 3387; x_wconf 86' lang='lat' dir='ltr'><strong>easdem</strong></span> <span class='ocrx_word' id='word_1_256' title='bbox 723 3318 942 3400; x_wconf 78' lang='lat' dir='ltr'><strong>indulgentias,</strong></span> <span class='ocrx_word' id='word_1_257' title='bbox 962 3318 1164 3398; x_wconf 78' lang='lat' dir='ltr'><strong>remissiones,</strong></span> <span class='ocrx_word' id='word_1_258' title='bbox 1177 3316 1210 3382; x_wconf 93' lang='lat' dir='ltr'><strong>et</strong></span> <span class='ocrx_word' id='word_1_259' title='bbox 1227 3313 1427 3384; x_wconf 68' lang='lat' dir='ltr'><strong>matacensi</strong></span> <span class='ocrx_word' id='word_1_260' title='bbox 1442 3335 1513 3385; x_wconf 91' lang='lat' dir='ltr'><strong>con·</strong></span> 
     </span>
    </p>
   </div>
   <div class='ocr_carea' id='block_1_4' title="bbox 263 3415 1419 3591">
    <p class='ocr_par' dir='ltr' id='par_1_9' title="bbox 263 3415 1419 3591">
     <span class='ocr_line' id='line_1_33' title="bbox 263 3415 1419 3591; baseline -0.003 -112"><span class='ocrx_word' id='word_1_261' title='bbox 263 3415 351 3496; x_wconf 89' lang='lat' dir='ltr'><strong>sequi</strong></span> <span class='ocrx_word' id='word_1_262' title='bbox 373 3419 509 3498; x_wconf 85' lang='lat' dir='ltr'><strong>possunt.</strong></span> <span class='ocrx_word' id='word_1_263' title='bbox 986 3499 1010 3569; x_wconf 56' lang='lat' dir='ltr'><em>J</em></span> <span class='ocrx_word' id='word_1_264' title='bbox 1043 3495 1190 3591; x_wconf 48' lang='lat' dir='ltr'><strong>mim</strong></span> <span class='ocrx_word' id='word_1_265' title='bbox 1231 3497 1312 3590; x_wconf 60' lang='lat' dir='ltr'><em>m</em></span> <span class='ocrx_word' id='word_1_266' title='bbox 1336 3499 1419 3572; x_wconf 58' lang='grc' dir='ltr'><em>Μ</em></span> 
     </span>
    </p>
   </div>
   <div class='ocr_carea' id='block_1_5' title="bbox 792 3665 913 3760">
    <p class='ocr_par' dir='ltr' id='par_1_10' title="bbox 792 3665 913 3760">
     <span class='ocr_line' id='line_1_34' title="bbox 792 3665 913 3760; baseline 0.008 -23"><span class='ocrx_word' id='word_1_267' title='bbox 792 3747 797 3760; x_wconf 61' lang='grc'>,</span> <span class='ocrx_word' id='word_1_268' title='bbox 859 3665 913 3738; x_wconf 77' lang='grc' dir='ltr'><strong>ιιι.</strong></span> 
     </span>
    </p>
   </div>
   <div class='ocr_carea' id='block_1_6' title="bbox 266 3793 1517 4086">
    <p class='ocr_par' dir='ltr' id='par_1_11' title="bbox 266 3793 1517 4086">
     <span class='ocr_line' id='line_1_35' title="bbox 266 3793 1517 3883; baseline -0.004 -15"><span class='ocrx_word' id='word_1_269' title='bbox 266 3800 469 3868; x_wconf 74' lang='lat' dir='ltr'><strong>memmio</strong></span> <span class='ocrx_word' id='word_1_270' title='bbox 498 3795 760 3883; x_wconf 73' lang='lat' dir='ltr'><strong>congeneret</strong></span> <span class='ocrx_word' id='word_1_271' title='bbox 787 3794 1024 3865; x_wconf 64' lang='lat' dir='ltr'><strong>reomense</strong></span> <span class='ocrx_word' id='word_1_272' title='bbox 1048 3805 1102 3864; x_wconf 80' lang='lat' dir='ltr'><strong>reo</strong></span> <span class='ocrx_word' id='word_1_273' title='bbox 1126 3797 1271 3864; x_wconf 55' lang='lat' dir='ltr'><strong>neae</strong></span> <span class='ocrx_word' id='word_1_274' title='bbox 1301 3795 1331 3864; x_wconf 83' lang='lat' dir='ltr'><strong>s</strong></span> <span class='ocrx_word' id='word_1_275' title='bbox 1362 3793 1517 3863; x_wconf 75' lang='lat' dir='ltr'><strong>merres</strong></span> 
     </span>
     <span class='ocr_line' id='line_1_36' title="bbox 343 3889 1516 4001; baseline -0.003 -25"><span class='ocrx_word' id='word_1_276' title='bbox 343 3907 524 3993; x_wconf 73' lang='lat' dir='ltr'><strong>surrepere</strong></span> <span class='ocrx_word' id='word_1_277' title='bbox 546 3910 602 3991; x_wconf 74' lang='lat' dir='ltr'><strong>pe</strong></span> <span class='ocrx_word' id='word_1_278' title='bbox 622 3895 785 3984; x_wconf 73' lang='lat' dir='ltr'><strong>unere</strong></span> <span class='ocrx_word' id='word_1_279' title='bbox 814 3901 938 4001; x_wconf 71' lang='lat' dir='ltr'><strong>aare</strong></span> <span class='ocrx_word' id='word_1_280' title='bbox 963 3907 1096 3989; x_wconf 72' lang='lat' dir='ltr'><strong>enon</strong></span> <span class='ocrx_word' id='word_1_281' title='bbox 1116 3899 1146 3973; x_wconf 87' lang='lat' dir='ltr'><strong>s.</strong></span> <span class='ocrx_word' id='word_1_282' title='bbox 1167 3889 1319 3972; x_wconf 70' lang='lat' dir='ltr'><strong>moereo</strong></span> <span class='ocrx_word' id='word_1_283' title='bbox 1339 3899 1516 3972; x_wconf 67' lang='lat' dir='ltr'><strong>nnete</strong></span> 
     </span>
     <span class='ocr_line' id='line_1_37' title="bbox 345 4010 1094 4086; baseline -0.011 -1"><span class='ocrx_word' id='word_1_284' title='bbox 345 4010 496 4086; x_wconf 73' lang='lat' dir='ltr'><strong>uerene</strong></span> <span class='ocrx_word' id='word_1_285' title='bbox 516 4025 544 4083; x_wconf 84' lang='lat' dir='ltr'><strong>ct</strong></span> <span class='ocrx_word' id='word_1_286' title='bbox 565 4013 685 4084; x_wconf 64' lang='lat' dir='ltr'><strong>Silam</strong></span> <span class='ocrx_word' id='word_1_287' title='bbox 705 4011 861 4084; x_wconf 70' lang='lat' dir='ltr'><strong>leudulis</strong></span> <span class='ocrx_word' id='word_1_288' title='bbox 881 4033 1094 4082; x_wconf 84' lang='lat' dir='ltr'><strong>concessorum.</strong></span> 
     </span>
    </p>
   </div>
   <div class='ocr_carea' id='block_1_7' title="bbox 266 4173 1516 4355">
    <p class='ocr_par' dir='ltr' id='par_1_12' title="bbox 266 4173 1516 4355">
     <span class='ocr_line' id='line_1_38' title="bbox 333 4173 1516 4268; baseline -0.005 -22"><span class='ocrx_word' id='word_1_289' title='bbox 333 4175 562 4268; x_wconf 26' lang='lat' dir='ltr'><strong>,Seuerissimus</strong></span> <span class='ocrx_word' id='word_1_290' title='bbox 574 4177 637 4244; x_wconf 84' lang='lat' dir='ltr'><strong>itii.</strong></span> <span class='ocrx_word' id='word_1_291' title='bbox 652 4175 834 4245; x_wconf 58' lang='lat' dir='ltr'><strong>maledictus</strong></span> <span class='ocrx_word' id='word_1_292' title='bbox 847 4173 904 4243; x_wconf 77' lang='lat' dir='ltr'><strong>PP.</strong></span> <span class='ocrx_word' id='word_1_293' title='bbox 919 4175 987 4242; x_wconf 80' lang='lat' dir='ltr'><strong>ilii</strong></span> <span class='ocrx_word' id='word_1_294' title='bbox 997 4177 1036 4244; x_wconf 86' lang='lat' dir='ltr'><strong>ad</strong></span> <span class='ocrx_word' id='word_1_295' title='bbox 1045 4173 1233 4244; x_wconf 83' lang='lat' dir='ltr'><strong>fluuiilllllras</strong></span> <span class='ocrx_word' id='word_1_296' title='bbox 1243 4181 1274 4242; x_wconf 91' lang='lat' dir='ltr'><strong>et</strong></span> <span class='ocrx_word' id='word_1_297' title='bbox 1287 4173 1395 4242; x_wconf 78' lang='lat' dir='ltr'><strong>enixis</strong></span> <span class='ocrx_word' id='word_1_298' title='bbox 1406 4176 1516 4260; x_wconf 63' lang='lat' dir='ltr'><strong>preca</strong></span> 
     </span>
     <span class='ocr_line' id='line_1_39' title="bbox 266 4269 1515 4355; baseline -0.006 -11"><span class='ocrx_word' id='word_1_299' title='bbox 266 4277 302 4344; x_wconf 86' lang='lat' dir='ltr'><strong>li.</strong></span> <span class='ocrx_word' id='word_1_300' title='bbox 322 4269 356 4344; x_wconf 67' lang='lat' dir='ltr'><strong>p</strong></span> <span class='ocrx_word' id='word_1_301' title='bbox 379 4269 415 4344; x_wconf 87' lang='lat' dir='ltr'><strong>ti.</strong></span> <span class='ocrx_word' id='word_1_302' title='bbox 435 4269 589 4354; x_wconf 65' lang='lat' dir='ltr'><strong>fienncmt</strong></span> <span class='ocrx_word' id='word_1_303' title='bbox 602 4271 700 4351; x_wconf 75' lang='lat' dir='ltr'><strong>colret</strong></span> <span class='ocrx_word' id='word_1_304' title='bbox 719 4273 843 4340; x_wconf 83' lang='lat' dir='ltr'><strong>ordinis</strong></span> <span class='ocrx_word' id='word_1_305' title='bbox 862 4270 894 4340; x_wconf 77' lang='lat' dir='ltr'><strong>S.</strong></span> <span class='ocrx_word' id='word_1_306' title='bbox 915 4271 1085 4355; x_wconf 79' lang='lat' dir='ltr'><strong>Benedicti,</strong></span> <span class='ocrx_word' id='word_1_307' title='bbox 1096 4269 1187 4338; x_wconf 89' lang='lat' dir='ltr'><strong>liiierl</strong></span> <span class='ocrx_word' id='word_1_308' title='bbox 1205 4273 1238 4337; x_wconf 83' lang='lat' dir='ltr'><strong>st</strong></span> <span class='ocrx_word' id='word_1_309' title='bbox 1253 4269 1390 4354; x_wconf 79' lang='lat' dir='ltr'><strong>excepit</strong></span> <span class='ocrx_word' id='word_1_310' title='bbox 1409 4269 1515 4336; x_wconf 78' lang='lat' dir='ltr'><strong>tinne</strong></span> 
     </span>
    </p>
   </div>
   <div class='ocr_carea' id='block_1_8' title="bbox 0 0 1682 4924">
    <p class='ocr_par' dir='ltr' id='par_1_13' title="bbox 0 0 1682 4924">
     <span class='ocr_line' id='line_1_40' title="bbox 0 0 1682 4924; baseline 0 0"><span class='ocrx_word' id='word_1_311' title='bbox 0 0 1682 4924; x_wconf 95' lang='lat' dir='ltr'><strong> </strong></span> 
     </span>
    </p>
   </div>
  </div>
 </body>
</html>
