3164 4926
801 346 1019 414 -lii-

168 558 171 571 ,
294 486 447 560 81111111
474 481 678 558 Catbedmli
700 483 992 575 tastiaopolitoao
1016 481 1112 575 [octo
1142 479 1533 574 Arabicoolroterottoti

295 599 507 672 Saactbami
532 597 751 674 sacramenti
775 598 811 668 io
836 595 987 668 Ecclesia
1014 595 1048 666 8.
1069 595 1319 686 Moriaesaper
1331 595 1533 670 Mineruam

288 711 394 800 tracto
420 715 570 784 tenorem
597 709 880 782 constitutionum
907 709 941 780 S.
968 707 1068 780 item.
1094 705 1278 778 Pastilli
1306 705 1531 782 1111111111)-

292 824 412 896 sistatt
437 828 470 897 et
502 829 668 914 quotenus
700 821 858 911 Negatire
882 839 918 907 ι;
951 817 1144 892 Secundo«
1174 818 1229 891 Aa
1259 818 1532 911 mppttcoodam

294 934 513 1010 sanctissimo
534 953 602 1027 pro
628 933 819 1014 manticae,
846 932 915 1006 siue
947 929 1241 1012 collaboratione,
1267 929 1304 1002 in
1329 947 1412 1002 cosa
1436 935 1531 1004 eta?

291 1053 326 1122 et
349 1053 515 1138 qnatenus
544 1045 749 1120 affirmative
774 1063 809 1132 »;
841 1042 949 1118 Tertio
986 1071 999 1103 ι
1031 1042 1157 1128 babos
1185 1039 1410 1132 iodnlpeotits
1439 1061 1533 1134 aaa

290 1158 420 1234 doaott
444 1187 457 1222 ι
481 1157 607 1234 Eadem
633 1159 706 1230 Sao.
732 1155 951 1248 congregatio
976 1154 1089 1228 habita
1114 1153 1168 1228 die
1194 1158 1243 1226 30
1268 1153 1345 1234 tuiti
1366 1159 1459 1230 1718
1473 1175 1533 1232 re-

290 1269 529 1363 spondendum
553 1287 629 1344 osse
653 1269 795 1344 censuit:
820 1267 874 1342 id
897 1267 1047 1342 Primum
1072 1272 1105 1340 et
1133 1264 1328 1341 Secundum
1352 1293 1365 1328 ι
1389 1265 1532 1360 Suppli·

290 1381 435 1456 candum
460 1399 537 1456 esso
562 1382 779 1458 sanctissimo
804 1398 866 1472 pro
890 1379 1063 1454 sanatione
1088 1379 1333 1470 cujuscumque
1357 1385 1532 1469 quamnus

288 1494 332 1567 sit
357 1493 506 1568 deiectus
532 1513 566 1582 »;
591 1493 650 1566 dd·
669 1493 818 1569 Tertium
843 1519 856 1554 ι
881 1488 1035 1566 Gaudere
1059 1489 1277 1582 indulgentiis
1301 1488 1432 1574 iisdem,
1451 1493 1532 1584 qui-

288 1605 354 1679 bus
379 1605 501 1697 gaudet
526 1604 879 1681 drcbleonlraternitas
904 1603 1112 1678 sanctissimi
1137 1601 1342 1692 sacramenti
1363 1610 1473 1678 erecta
1492 1606 1532 1679 in

287 1717 435 1792 Ecclesia
459 1719 494 1792 S.
520 1717 642 1794 itariae
666 1735 770 1810 supra
793 1717 976 1791 Minervam
1001 1745 1037 1789 ι.
1062 1716 1112 1788 Do
1133 1714 1257 1808 quibus
1276 1713 1361 1790 noto
1385 1733 1531 1810 parma

124 1901 128 1910 .
287 1829 534 1923 iubosmptum
559 1831 665 1923 ipsius
691 1831 766 1905 Sao.
792 1827 1067 1922 congregationis
1093 1827 1394 1902 Prosecretarium
1419 1829 1475 1904 die
1506 1838 1529 1904 3

288 1941 430 2034 Augusti
455 1942 607 2034 ejusdem
633 1943 713 2016 anni
737 1943 955 2016 sanctissimo
984 1941 1127 2015 Domino
1156 1939 1326 2024 relatione,
1359 1941 1531 2018 Sanctitas

287 2054 354 2127 Sua
379 2060 495 2130 votum
520 2056 594 2132 Sao.
620 2056 896 2149 congregationis
922 2051 1140 2149 approbando
1164 2053 1310 2144 benigne
1335 2055 1465 2128 annuit.

764 2171 822 2244 Fn.
850 2171 877 2244 l.
904 2168 1008 2242 Cina.
1035 2167 1300 2244 Ponrocnnnnno
1325 2165 1448 2242 Pater.

829 2281 870 2353 l.
896 2283 937 2353 Ε.
969 2279 1153 2354 Vicocomes
1177 2278 1385 2351 promeret.

695 2441 697 2447 ’
839 2475 968 2552 chx.

360 2618 447 2694 Cum
471 2619 526 2694 Sa.
552 2621 650 2695 liam
678 2617 800 2692 Paulus
825 2615 854 2691 V
880 2616 945 2692 sub
971 2616 1025 2692 die
1054 2619 1099 2690 lii
1124 2615 1232 2690 biartii
1264 2619 1353 2690 1611
1383 2615 1527 2692 Contra·

286 2729 394 2806 tribus
420 2736 454 2804 et
478 2730 722 2806 consororibus
747 2729 1061 2804 confraternitatum
1086 2727 1151 2802 sub
1176 2729 1271 2802 tibrio
1296 2729 1432 2822 Septem
1458 2731 1531 2806 lio-

287 2842 397 2926 lorum
410 2843 446 2916 B.
459 2844 503 2918 iti
517 2843 558 2918 V.
572 2843 606 2918 iu
620 2843 777 2918 Ecclesiis
790 2841 923 2916 Ordinis
937 2841 998 2915 FF.
1012 2841 1194 2914 Servorum
1207 2840 1408 2934 ejusnemit.
1421 2845 1466 2920 bi.
1479 2845 1528 2920 V.

286 2953 447 3030 canonice
471 2962 667 3038 erectarum,
695 2957 753 3048 qui
773 2954 928 3038 contessi,
949 2959 983 3028 et
999 2953 1033 3026 S.
1052 2953 1297 3028 communione
1312 2954 1427 3029 retecti
1440 2957 1529 3030 Pro·

287 3066 431 3140 cessioni
456 3067 603 3142 Solemni
629 3069 671 3143 ab
703 3068 823 3142 iisdem
856 3064 1188 3140 contracornitmibus
1220 3065 1393 3140 Dominion
1425 3069 1529 3142 tertia

286 3179 464 3270 cujuslibet
489 3180 615 3254 mensis
640 3181 675 3252 in
701 3178 868 3272 ejusmodi
893 3177 1049 3252 Ecclesiis
1074 3177 1208 3251 Ordinis
1232 3177 1307 3254 fieri
1331 3179 1447 3254 solitae
1473 3181 1529 3258 in-

287 3291 474 3376 terfuerint,
501 3291 742 3386 indulgentiam
767 3292 954 3366 Pienariam
983 3291 1204 3376 concesserit,
1230 3297 1264 3365 et
1288 3291 1342 3365 iel.
1369 3311 1434 3366 rec.
1462 3295 1528 3368 Ur-

285 3403 397 3477 banus
420 3403 493 3478 Viti
518 3423 579 3496 per
603 3423 702 3479 suum
729 3405 834 3478 Breve
858 3404 925 3479 diei
952 3409 997 3477 18
1018 3403 1225 3496 Septembris
1248 3408 1343 3478 {628
1364 3404 1527 3484 eamdem

286 3516 373 3588 inter
411 3522 558 3590 coeteras
591 3517 833 3607 indulgentiam
870 3519 971 3592 etiam
1009 3516 1052 3590 ad
1089 3533 1324 3609 quascumque
1355 3518 1527 3610 ejusmodi

286 3627 577 3704 Contratarnilatas
610 3629 643 3700 in
677 3629 834 3704 Ecclesiis
867 3629 1100 3704 Saecularibus
1133 3635 1261 3702 erectas
1286 3627 1524 3722 [ampliaverim

285 3741 525 3816 sanctissimus
551 3741 714 3814 Dominus
738 3742 858 3816 Noster
886 3740 1085 3814 Benedictus
1114 3740 1176 3815 PP.
1209 3741 1286 3814 XIV
1311 3742 1526 3836 supplicante

285 3852 339 3925 Fr.
365 3855 521 3945 Magistro
546 3853 723 3926 Francisco
747 3855 848 3930 biario
874 3854 1034 3928 Pacoroni
1054 3851 1217 3926 moderno
1234 3853 1372 3948 praelati
1385 3853 1525 3930 Ordinis

285 3965 399 4050 Priore
424 3965 577 4038 Generali
602 3965 787 4040 humillime
808 3972 998 4059 exponente
1018 3966 1061 4041 ad
1074 3967 1327 4042 Processionem
1352 3968 1525 4060 ejusmodi

286 4077 597 4154 eomammumm
630 4079 872 4154 solemniorem
897 4081 1002 4152 semei
1035 4080 1069 4151 in
1102 4097 1191 4153 anno
1222 4079 1296 4153 fieri
1322 4087 1523 4156 consuetam

285 4207 446 4281 magnum
472 4191 646 4285 utriusque
671 4211 776 4266 sextos
802 4190 1084 4277 Gbristitldeiium,
1112 4197 1145 4266 et
1169 4193 1198 4265 si
1223 4193 1305 4266 nulii
1326 4209 1369 4267 ex
1386 4193 1522 4286 praedic

285 4299 347 4390 ctis
371 4301 701 4390 contemplamus,
725 4323 851 4380 nomen
876 4303 1039 4392 dederint,
1066 4303 1225 4382 devotum
1251 4307 1413 4400 Populum
1440 4325 1524 4382 con·
