3164 4926
762 327 979 395 -158-

254 468 349 562 piem
373 467 504 542 Altaria
530 467 702 542 obtentura
719 483 789 540 aon
815 465 969 540 obstante
989 463 1198 557 praescripti
1222 464 1408 540 Missurum
1423 479 1492 535 aa·

252 581 339 655 meri
356 582 393 654 ire
410 580 526 654 dietus
550 580 641 674 testis
667 579 869 672 deficientia,
896 578 1056 650 subsistat
1076 579 1113 649 ire
1138 579 1244 650 casui
1269 582 1331 649 etc.
1357 573 1490 649 Eadem

252 695 325 768 Sao.
344 695 563 787 congregatio
580 694 634 767 die
652 691 863 766 tetenderit
882 695 975 762 titii
994 690 1245 764 decernendum
1262 709 1338 764 esse
1354 689 1489 763 censuit

250 807 492 900 ‹Prirdogtnm
522 825 697 881 remanere
729 823 934 898 suspensum
960 803 1079 878 debus
1106 805 1229 895 quihus
1258 803 1488 897 praescriptus

250 919 427 993 Missurum
460 938 622 994 numerus
647 936 716 991 non
741 916 972 990 verificatur.»
1005 918 1053 989 De
1079 917 1202 1008 quinus
1232 915 1317 988 tactu
1340 933 1402 1008 por
1426 931 1487 988 me

249 1033 497 1127 miseseriptum
522 1032 688 1127 praefatae
712 1032 785 1104 Sec.
804 1029 1076 1121 congregationis
1102 1029 1323 1102 Soereuriun
1340 1029 1489 1102 Sanctis·

248 1147 336 1220 simo
361 1148 503 1220 Domino
519 1145 689 1232 rotatione,
708 1143 872 1220 Sanctitas
889 1144 957 1218 Sue
981 1149 1097 1217 votum
1117 1144 1191 1218 Sao.
1209 1142 1486 1235 congregationis

245 1257 392 1354 benigne
413 1259 619 1355 approbarit.

748 1371 807 1442 Fr.
833 1371 861 1442 J.
888 1368 991 1443 Ceno.
1018 1371 1283 1444 Porrocnnnnno
1308 1369 1431 1442 Pnrnr.

719 1482 760 1556 t.
786 1485 834 1560 Μ.
859 1484 956 1558 dria
988 1485 1082 1558 Prot.
1108 1482 1322 1577 Apostolicas
1349 1482 1476 1556 Secret.

809 1680 919 1754 CCIX.

320 1822 405 1896 Cum
426 1821 504 1896 otim
521 1821 679 1894 nonnulla
695 1819 979 1914 indulgentiarum
1005 1820 1121 1893 Brevia
1138 1839 1158 1893 6
1175 1818 1377 1894 Cunculiana
1392 1819 1483 1912 Apo

245 1933 360 2008 stolioa
384 1932 634 2026 expedirentur,
653 1935 891 2026 subsequenti
915 1934 1133 2027 expressione
1157 1934 1251 2006 «Pro
1270 1933 1333 2005 toti
1351 1932 1406 2004 die
1422 1951 1481 2006 cu-

241 2049 378 2139 justibet
395 2049 479 2122 arrei
490 2047 600 2142 sectari
613 2077 624 2111 ι
637 2055 670 2122 et
690 2054 813 2123 edente
837 2048 1025 2142 praedictae
1048 2046 1270 2120 cancellariae
1285 2047 1410 2137 Regula
1428 2051 1477 2118 57

244 2179 305 2234 seu
331 2161 443 2234 serius
470 2166 515 2233 titt
542 2181 561 2234 a
587 2163 621 2234 S.
638 2163 682 2237 M.
708 2161 900 2235 Innocentio
926 2159 1114 2244 wdecim,
1141 2159 1344 2232 anonnutlis
1365 2159 1399 2232 in
1417 2157 1480 2232 du·

243 2273 337 2347 bium
362 2275 461 2348 inerit
485 2281 696 2350 revocatum:
722 2295 765 2348 an
790 2275 984 2368 huiusmodi
1009 2275 1243 2348 concessiones
1263 2273 1479 2348 reduoendae

242 2387 312 2460 sint
336 2387 379 2460 ad
404 2388 518 2481 viginti
548 2407 654 2462 annos
679 2389 733 2462 vel
757 2390 790 2463 in
816 2395 1017 2481 perpetuum
1042 2387 1181 2478 durent;
1214 2388 1317 2460 immo
1342 2405 1385 2460 en
1409 2387 1478 2462 suh

243 2499 361 2575 eadem
386 2502 593 2575 restrictione
625 2501 953 2596 comprehendantur
978 2503 1077 2575 etiam
1102 2500 1295 2594 erpedltae,
1321 2501 1477 2575 subhac

239 2613 346 2688 terme
370 2614 428 2685 «in
450 2620 680 2707 perpetuum»
705 2615 780 2688 ideo
806 2614 848 2687 ad
873 2615 1045 2688 veritatem
1070 2617 1105 2687 in
1131 2615 1194 2687 hac
1219 2633 1256 2688 re
1281 2613 1476 2690 delucidan·

240 2726 330 2810 darn,
345 2732 379 2798 et
396 2725 437 2798 ad
451 2745 701 2820 quamcumque
713 2727 952 2801 removendam
966 2728 1237 2812 controversiam,
1252 2727 1478 2800 examinanda

239 2838 276 2910 in
301 2838 374 2909 Sao.
401 2837 685 2931 indulgentiarum
711 2848 745 2914 et
765 2843 941 2913 Sacrorum
966 2840 1195 2932 Reliquiarum
1212 2841 1480 2933 congregatione

239 2951 410 3043 proponite
434 2951 570 3027 fuerunt
590 2955 674 3026 haee
691 2953 811 3027 dubia:
830 2954 942 3026 Primo
968 2955 1051 3027 «Aa
1074 2954 1295 3047 induipeatio
1319 2973 1480 3028 coocmsa

235 3081 303 3156 pro
330 3063 394 3137 tuti
420 3063 475 3137 die
501 3067 678 3157 cujustibet
694 3068 778 3140 oroi
804 3066 915 3161 [utari
940 3066 1180 3160 restrirtpeodu
1205 3069 1248 3140 sit
1273 3066 1321 3140 ud
1351 3067 1480 3159 Vipioti

239 3179 396 3250 omousi»
421 3177 577 3251 Secundo
599 3181 679 3251 ‹Ao
697 3179 758 3252 sud
776 3177 897 3252 ecdem
913 3181 1125 3273 restrictiores
1142 3179 1478 3273 compreenduntur

240 3307 372 3382 666666
401 3291 664 3384 Indeipeotiue,
697 3311 785 3384 quoe
816 3293 946 3366 doctor
970 3295 1030 3368 sub
1058 3293 1124 3366 tec
1153 3294 1268 3388 termo
1292 3295 1330 3366 ia
1349 3313 1476 3387 perpe·

239 3405 390 3476 tuerer?
415 3401 456 3476 m
482 3403 609 3476 nauem
638 3405 711 3478 Sao.
739 3406 959 3500 congregatio
983 3407 1037 3481 die
1064 3411 1109 3478 22
1127 3407 1273 3480 ianuarii
1300 3411 1393 3480 1753
1421 3426 1477 3482 re·

237 3516 372 3610 spondit
397 3515 439 3590 ad
465 3522 646 3610 utrumque
672 3519 855 3612 ‹Negativo
868 3551 902 3595 ι.

784 3635 842 3707 Fa.
857 3627 1003 3706 isurun.
1023 3635 1288 3706 Poaroonrnnno
1315 3633 1439 3706 Paron.

755 3745 796 3819 A.
823 3747 869 3822 M.
896 3747 991 3819 Eric
1015 3749 1110 3820 Prot.
1137 3749 1349 3841 Apostolicus
1376 3747 1473 3821 Secr.

310 4083 645 4142 commenticium!
670 4087 899 4142 SANCTISSIMAE
929 4091 1164 4146 EUCHARlSTIAE
1189 4093 1394 4146 snoudunam

306 4191 359 4266 tu
383 4192 594 4266 recolendam
619 4193 836 4268 institutionis
854 4197 1090 4272 Sanctissimae
1106 4200 1334 4274 Eucharistiae
1351 4199 1474 4272 Sacra-

234 4307 337 4382 menti
351 4307 557 4394 memoriam,
575 4325 724 4386 necnon
741 4309 784 4385 ad
797 4309 884 4388 illius
898 4311 1071 4388 rerimtem
1084 4313 1359 4403 confirmandam,
1374 4331 1475 4410 repa·
