3182 4922
631 344 846 410 -5tl·-

659 473 801 540 ORATIO

179 589 281 668 Dens,
309 586 370 679 qni
395 588 542 660 Beolom
571 585 736 660 Tbomom
761 592 820 660 tuo
844 605 963 662 ootore
979 605 1175 662 succensent
1188 590 1346 666 interiori

112 699 369 794 mortificetione
395 704 427 772 ct
453 699 583 774 eximio
599 701 635 771 in
652 701 855 772 Precianum
867 699 1046 775 dilectione
1063 701 1246 789 decorasti,
1263 707 1346 796 liius

111 813 246 894 uterilis,
273 803 497 905 prediisque
522 811 666 884 concede
692 817 730 884 nl
755 814 974 906 nosmetipsos
985 834 1054 908 pro
1078 817 1120 888 le
1136 817 1346 910 abnegantes

110 930 140 996 el
162 923 344 997 cloritotis
370 939 477 1015 opero
495 924 627 1015 jupiter
652 929 852 1014 eoeqnentes
875 932 1022 1016 octono
1041 929 1206 1020 proemio
1231 949 1345 1004 conse·

112 1038 168 1128 qni
190 1054 399 1110 mereomor.
425 1036 545 1109 nmen.

626 1231 833 1306 ocxxxttt.

656 1379 799 1432 URBIS

178 1482 233 1556 bd
255 1482 460 1556 humillimas
486 1501 604 1575 preces
629 1483 857 1556 procuratoris
882 1486 1055 1560 Generalis
1079 1507 1118 1560 ao
1143 1489 1345 1563 Pro-Vicani

107 1594 237 1670 Ordinis
254 1594 524 1668 Praedicatnrum
550 1595 788 1682 sanctissimus
805 1597 970 1670 Dominus
985 1599 1105 1674 Noster
1122 1602 1201 1673 Pius
1217 1601 1279 1674 PP.
1297 1603 1342 1675 tx

105 1707 279 1780 inclinatas
305 1708 473 1790 omuibus,
490 1707 719 1780 confratribus
745 1714 779 1781 et
804 1707 1050 1786 consororibus
1064 1713 1344 1788 brcbiconirater·

105 1820 214 1892 nitatis
240 1819 448 1892 sanctissimi
474 1819 691 1892 sacramenti·
707 1819 740 1890 in
766 1819 914 1894 Ecclesia
939 1823 973 1895 S.
1001 1825 1122 1897 blaviae
1148 1843 1250 1918 supra
1282 1828 1343 1900 Mi·

104 1949 241 2004 nervam
259 1930 302 2004 de
320 1931 409 2004 Urbe
426 1931 587 2004 canonice
612 1937 755 2014 arcebo,
779 1933 968 2006 revocando
993 1935 1236 2028 indulgentiam
1266 1957 1343 2032 sep·

103 2050 195 2137 ptem
221 2061 387 2117 annornm
413 2044 621 2135 totidemque
645 2044 936 2136 quadragenamm
962 2046 1239 2122 interessentibns
1267 2051 1345 2124 Pro

104 2155 249 2230 cessioni
274 2155 309 2228 in
335 2156 508 2230 Dominica
533 2157 628 2229 tertia
653 2159 832 2248 cujuslibet
856 2159 994 2242 mensis,
1020 2165 1053 2232 et
1077 2160 1113 2230 in
1129 2159 1210 2232 lesia
1227 2161 1345 2252 quinta

101 2267 136 2340 iu
162 2269 276 2342 Coena
301 2268 434 2340 Domini
452 2267 662 2361 peragendae
686 2270 868 2361 elargitam,
885 2269 1031 2361 benigne
1047 2272 1213 2344 concessit
1229 2272 1342 2346 lndnl·

101 2381 250 2472 gentiam
276 2381 474 2464 Plenariam,
501 2380 684 2454 dummodo
709 2381 828 2455 iisdem
854 2381 974 2455 diebus
999 2401 1068 2456 non
1086 2382 1187 2456 modo
1204 2386 1342 2460 Sacram

100 2493 393 2585 Supplicalionem-
413 2492 557 2566 comitati
583 2493 723 2578 luerint,
758 2512 876 2567 vemnv
902 2495 1001 2568 etiam
1027 2514 1106 2568 vere
1131 2497 1343 2588 poenitentes

99 2606 265 2690 confessi,
292 2623 332 2678 ac
357 2606 431 2677 Sao.
458 2605 702 2679 communione
727 2605 860 2691 relecti,
887 2606 1033 2698 aliquam
1065 2609 1247 2682 Ecclesiam
1279 2629 1343 2686 seu

96 2717 273 2810 publicam
299 2717 488 2790 oratorium
515 2716 635 2790 devote
660 2717 874 2804 visitaverint,
901 2718 1014 2810 ibique
1031 2720 1243 2813 paratiquod
1261 2729 1342 2796 tem

96 2829 192 2922 poris
219 2828 365 2920 spatium
388 2829 483 2920 iuxta
509 2835 657 2902 menmm
682 2830 869 2903 sanctitatis
895 2831 983 2904 Suae
1008 2833 1063 2924 pie
1088 2834 1277 2925 oraverint;
1303 2854 1343 2910 ac

93 2941 251 3014 similiter
276 2947 429 3014 revocata
455 2939 662 3031 Indulgentia
687 2949 822 3015 centum
849 2942 979 3015 dierum
1008 2943 1128 3017 iisdem
1161 2945 1340 3020 Sodalibus

93 3071 161 3146 prn
187 3051 376 3125 visitatione
402 3052 609 3126 sanctissimi
642 3054 847 3126 sacramenti
879 3055 938 3127 ubi
970 3063 1161 3129 assematur
1193 3057 1228 3129 in
1260 3059 1341 3132 teria

92 3164 217 3256 quinta
239 3163 374 3254 Majods
406 3162 644 3258 Hebdomadas
676 3183 855 3248 concessa,
882 3165 1065 3248 clementer
1097 3167 1255 3258 elargitus
1289 3177 1341 3246 est

91 3275 346 3366 indulgentiam
371 3282 502 3368 septem
519 3295 684 3350 annorum
702 3277 910 3370 totidemque
926 3277 1216 3370 quadragenarum
1233 3283 1340 3356 semel

90 3394 228 3461 tautum
255 3405 295 3461 ea
320 3387 375 3460 die
400 3388 669 3462 lucrifaciendam
694 3390 723 3462 si
749 3389 850 3462 cordo
866 3391 985 3463 saltem
1003 3391 1143 3466 contrito
1160 3410 1200 3464 ac
1219 3392 1339 3466 devote

86 3501 210 3594 ipsum
236 3499 492 3572 Sanctissimnm
518 3500 770 3573 Sacramentum
797 3501 1012 3586 visitaverint,
1040 3521 1079 3576 ac
1096 3503 1219 3596 pariter
1236 3511 1339 3578 utsu-

84 3631 156 3706 pra
181 3611 359 3686 oraverint
387 3612 428 3684 Et
453 3611 588 3684 modom
614 3611 740 3684 Eadem
757 3613 922 3686 Sanctitas
939 3615 1007 3686 Sua
1021 3614 1266 3707 Indulgentiam
1282 3634 1337 3690 se·

82 3731 189 3818 ptem
215 3741 381 3796 annorum
405 3729 605 3816 septemque
622 3724 913 3816 quadragenarum
929 3728 1003 3818 pari
1019 3727 1223 3819 benignitate
1241 3747 1336 3821 prae·

84 3835 194 3908 dictis
220 3833 398 3907 Sodalibus
424 3841 477 3908 est
501 3836 690 3928 impertitus
707 3837 806 3910 unica
823 3835 997 3912 dummxat
1012 3839 1085 3912 vice
1101 3839 1241 3932 singulis
1258 3841 1337 3914 anni

81 3947 218 4022 diebus
243 3945 499 4038 acquirendam,
526 3947 556 4019 si
581 3947 683 4022 corde
708 3949 827 4023 saltem
851 3951 993 4024 contrito
1018 3951 1053 4024 in
1087 3952 1197 4044 aliqua
1222 3953 1335 4027 Eccle-

78 4062 154 4144 sia,
181 4077 244 4132 sea
271 4058 406 4150 publico
431 4059 582 4133 Oratorio
608 4063 806 4155 vespertinis
823 4062 915 4136 boris
932 4064 1187 4137 sanctissimum
1205 4065 1336 4139 Sueba·

78 4171 208 4245 ristiae
234 4171 489 4244 Sacramentum
515 4171 730 4260 visitaverint,
757 4183 791 4249 et
812 4177 908 4267 Juxta
934 4177 1129 4250 enunciatos
1153 4177 1239 4252 fines
1263 4198 1337 4278 ora7

79 4284 232 4374 verint;
258 4281 343 4357 lacta
360 4301 507 4390 ,quoque
538 4293 701 4377 potestate
733 4288 870 4363 easdem
902 4288 1128 4384 indulgentias
1159 4292 1335 4367 animabus
