3134 4918
565 388 784 455 -bd7-

584 579 770 664 coxcvfl,

549 739 803 794 deportato.

146 861 288 936 t'icarius
314 860 491 934 Generalis
508 859 678 933 Dioecesis
694 859 965 932 Lemooincensis
982 860 1178 953 empostntot
1194 880 1217 934 a
1235 863 1296 934 Sa·

79 993 130 1048 ora
153 975 418 1068 Conprepationc
443 973 648 1046 solutionem
674 971 868 1053 dubiorum,
894 991 1023 1064 nempe.

142 1087 186 1159 t.⁰
212 1087 314 1160 Gaior
330 1087 461 1159 'raneos
484 1105 552 1180 pro
581 1086 828 1179 scapularibus
854 1083 1103 1168 benedicendis,
1130 1090 1162 1158 et
1186 1087 1295 1179 impo-

79 1199 183 1272 nendis
206 1199 364 1292 fidelibus
387 1201 460 1271 tam
485 1197 599 1271 stricte
623 1216 685 1272 nec
709 1216 752 1270 ae
770 1197 876 1288 juata
902 1198 1041 1288 reputas
1063 1199 1297 1292 praescriptus

76 1316 132 1393 est,
154 1316 191 1386 ut
216 1309 395 1384 dioersdos
421 1310 545 1383 coloris
577 1309 818 1382 admissionem
842 1309 879 1382 in
905 1307 1033 1382 dictam
1061 1309 1294 1402 Confratoni·

75 1427 164 1496 tatem
187 1423 333 1504 amiam,
360 1423 564 1513 intrantem
588 1419 743 1494 reddetr

135 1535 182 1607 2⁰
208 1533 413 1625 Huiusmodi
438 1533 562 1607 catoris
588 1532 768 1606 diversitas
796 1531 1037 1626 suspenditur
1063 1535 1184 1608 satiem
1204 1533 1295 1628 'frai-

73 1647 184 1719 tionem
200 1643 789 1736 indutiarum,et1nduipentiarnm
807 1662 896 1735 qnae
913 1643 1095 1738 adscriptis
1112 1645 1147 1718 in
1165 1645 1294 1720 dictam

74 1759 402 1852 Cmsraternitatem,
429 1761 461 1830 et
485 1757 695 1850 pestontibus
721 1757 911 1850 Scopotore
936 1757 1037 1831 'ranei
1063 1758 1187 1832 coloris
1216 1763 1295 1832 sant

74 1873 265 1946 comestae?

134 1986 206 2059 Sec.
232 1982 453 2075 canpegatto
479 1981 599 2056 auditis
625 1999 763 2074 quoque
788 1982 1024 2056 consultorum
1048 1979 1133 2056 votis
1155 2001 1296 2078 respon·

70 2095 109 2170 tn
131 2095 310 2189 «Negabis
335 2093 448 2187 quoad
472 2100 655 2186 utromque
680 2093 832 2178 dubium,
858 2093 1042 2166 dammodo
1067 2094 1168 2167 colori
1194 2095 1294 2186 vulgo
1357 2101 1361 2106 '

72 2210 153 2281 Toni
167 2209 372 2301 subrogetur
388 2211 518 2281 tentum
536 2206 618 2280 alter
643 2205 835 2291 consimitis,
853 2223 914 2280 seu
939 2206 1058 2298 niger»
1082 2205 1143 2280 Die
1170 2209 1215 2278 tn
1236 2207 1295 2280 Fe·

68 2319 181 2394 bronrb
209 2325 315 2394 teto.

573 2513 772 2588 coxcvttt.

455 2659 585 2714 mosam
614 2659 689 2714 door
714 2659 747 2712 m
772 2658 891 2712 socom
957 2657 960 2670 ·

129 2769 278 2844 tacebas
302 2765 479 2841 Parocbus
497 2765 625 2840 babens
641 2768 678 2840 in
696 2765 873 2840 Parecbio
889 2785 954 2840 soa
972 2765 1296 2860 confraternitatem

66 2881 177 2960 Sancti
204 2879 407 2973 Scapulanis
426 2877 530 2953 ‘docet
553 2877 668 2972 fideles
692 2897 781 2957 suos,
808 2882 847 2950 nt
867 2880 986 2972 piures
1010 2877 1059 2952 ad
1083 2880 1183 2953 ittam
1207 2883 1293 2955 Con·

63 2993 309 3084 batemdtatem
333 2988 503 3073 attrabat,
530 2989 617 3068 nibil
642 2992 779 3065 obstare
801 3010 869 3084 pro
896 2992 1160 3083 quibuscumque
1186 2994 1292 3067 etiam

66 3105 211 3197 Officium
236 3103 392 3178 dioinom
415 3121 485 3176 non
511 3103 742 3184 recitantibus,
765 3123 833 3195 pro
859 3101 1036 3177 iterandis
1052 3101 1289 3197 Indeipentiis.

129 3219 178 3291 t.⁰
206 3218 244 3292 Si
269 3217 512 3290 abstinentiam
536 3216 573 3288 in
596 3216 686 3309 seria
713 3220 841 3307 quarta
865 3233 934 3288 reon
951 3219 1093 3288 saroam.

128 3331 178 3404 2⁰
203 3331 277 3404 Nec
301 3329 331 3403 si
355 3333 482 3422 septem
512 3329 625 3413 Peter,
659 3331 691 3402 et
723 3327 795 3401 Ave
827 3327 864 3402 in
896 3327 1039 3419 sinputis
1074 3326 1190 3402 diebus
1222 3348 1293 3404 aon
1391 3333 1394 3336 ’

62 3443 206 3518 recitent.
1194 3447 1196 3452 '

128 3555 179 3630 :ti
208 3555 246 3628 Si
261 3557 445 3644 utrumque
457 3553 685 3647 panniculum
706 3552 816 3627 sancti
837 3549 974 3626 babitus
995 3570 1039 3624 ex
1056 3551 1176 3626 codem
1188 3557 1292 3646 parte

59 3667 255 3758 pendentem
281 3671 312 3740 ct
337 3667 440 3739 simui
458 3665 617 3756 junctum
643 3665 808 3758 deserant.

128 3779 179 3854 t.⁰
207 3781 244 3852 Si
270 3775 428 3852 eumdem
448 3781 604 3850 sanctum
626 3777 783 3850 babitum
803 3795 872 3850 non
888 3795 996 3871 snpra
1007 3783 1127 3871 pectus
1142 3781 1290 3872 portent,

62 3890 113 3963 scd
136 3893 182 3966 ab
211 3888 353 3963 bumera
380 3890 602 3962 trarrsomsim
626 3889 686 3963 sub
714 3887 855 3963 bracbio
881 3889 1039 3981 quotibet.

130 4003 319 4091 Quaeritm
344 4001 387 4075 de
411 4002 554 4095 stupetis
579 4007 695 4074 atrum
721 4019 798 4074 cnm
823 4005 933 4074 mente
958 4000 1195 4094 Indutpmtias
1211 4021 1290 4076 con·

63 4113 201 4189 emente
228 4111 463 4189 carcordentt
500 4181 503 4186 .
1128 4124 1131 4130 ·

125 4229 200 4302 Sec.
218 4227 439 4321 congregatio
455 4223 628 4320 respondit
655 4225 784 4300 «Posse
808 4224 925 4298 fideles
948 4223 1213 4300 Gennanates
1236 4243 1290 4300 se·

64 4339 104 4412 cri
120 4341 311 4435 scapularis
336 4339 522 4435 adscriptos
547 4338 610 4414 troi
637 4339 794 4415 omnibus
819 4337 1036 4432 indulgentiis
1053 4339 1248 4429 generaliter
1272 4357 1291 4410 s
