3130 4920
563 369 780 436 -285-

11 531 12 608 3
86 505 385 598 poeprioatiaaibas
410 511 442 578 el
466 506 646 597 respective
674 504 790 577 Sacris
820 502 1070 576 Visitatieaibas
1091 523 1158 596 pro
1184 507 1280 579 caai-

11 647 12 654 ¹
87 621 189 692 tatiane
211 621 243 689 S.
267 619 393 690 lintris
417 619 595 701 Ecclesiae,
623 617 850 708 extimatione
870 617 1081 703 Haeresam;
1107 633 1284 691 ceommu-

87 733 155 803 tieoe
177 733 303 804 Summi
328 730 511 824 Pontificis,
539 734 572 803 et
591 749 658 822 pro
679 729 955 802 christianorum
979 729 1178 822 Principum
1194 731 1284 806 Pace

86 849 108 915 ei
128 843 318 916 diarria.
348 843 446 929 Quod
470 846 562 916 beas

138 956 367 1028 sanctissimus
392 956 554 1029 Dominus
578 956 697 1029 Noster
713 955 791 1029 Pius
816 955 878 1029 PP.
895 955 940 1029 Vi
957 955 1089 1028 attentis
1110 955 1281 1048 expositis,

84 1067 192 1160 praelati
217 1069 252 1141 P.
279 1069 420 1142 Ministri
435 1067 606 1142 Generalis
623 1067 756 1141 Ordinis
771 1068 937 1142 itinerum
963 1068 997 1139 S.
1015 1069 1180 1142 Francisei
1199 1069 1284 1163 cap·

83 1181 272 1270 pucciuarum
298 1181 455 1273 precibus
480 1180 676 1266 annuendo,
702 1180 859 1254 amnibus
884 1187 918 1254 et
942 1179 1081 1272 singuiis
1110 1180 1284 1273 Religiosis

83 1293 162 1373 liris,
186 1300 288 1384 alane
320 1293 518 1368 Maniaiibus
544 1292 622 1368 dicti
654 1293 787 1367 Ordinis
812 1292 922 1366 cidem
950 1293 1100 1367 Ministro
1131 1293 1285 1368 cenerali

79 1404 210 1478 abiectis
243 1406 515 1498 unumquodque
540 1425 584 1479 ex
610 1405 850 1478 antennaeiatis
874 1405 938 1498 piis
967 1404 1133 1479 exercitiis
1165 1403 1285 1480 dorato

78 1518 302 1608 peragentibus,
332 1518 438 1592 semei
462 1519 498 1590 iu
523 1537 611 1590 auno
638 1521 685 1592 eo‘
703 1518 887 1610 respective
912 1517 984 1602 die,
1010 1536 1078 1609 qua
1103 1518 1297 1611 praemissa*

77 1629 292 1704 &numanati
317 1630 543 1715 cauiessioue,
563 1637 764 1725 sumptaque
789 1631 847 1702 SS.
865 1630 1081 1716 Eucharistia,
1099 1637 1132 1704 et
1150 1631 1223 1724 pias
1242 1630 1285 1704 ad

76 1741 161 1813 baur
184 1760 315 1835 preces,
341 1743 390 1815 uli
418 1743 452 1814 in
477 1742 618 1835 supplici
643 1743 752 1816 iibeiio
778 1741 984 1826 enunuatnr,
1009 1741 1196 1826 tundendo,
1221 1742 1285 1816 bu·

75 1852 199 1941 lauradi
215 1854 421 1947 peregerint,
442 1854 626 1928 Pieuariam
643 1854 792 1928 omnium
809 1860 1020 1947 peccaterum
1043 1853 1285 1947 indulgentiam

76 1963 219 2038 interme
244 1965 415 2040 Ecclesiae
440 1968 609 2052 consueta,
634 1966 779 2058 benigue
804 1967 978 2040 concessit.

129 2079 246 2152 batum
272 2080 399 2152 Romae
424 2097 468 2152 ex
495 2080 679 2152 secretaria
703 2079 777 2153 Sac.
803 2076 1075 2172 congregationis
1106 2077 1284 2172 indulgeu-

75 2185 174 2264 tiamm
197 2190 254 2264 die
281 2195 328 2263 25
355 2191 561 2286 Septembris
589 2195 695 2264 iiiii.

411 2321 415 2328 ·
544 2303 575 2376 l.
596 2305 723 2378 caesar
739 2306 791 2377 ile
809 2304 965 2378 Samaiio
984 2305 1017 2376 S.
1038 2304 1072 2378 c.
1090 2303 1118 2380 i.
1138 2305 1260 2380 marei.

548 2500 788 2576 ccccxxvii.

250 2645 531 2702 couanncarrorus
557 2645 780 2702 nouaenauuu
806 2645 1095 2704 caurmauunsruu

129 2751 178 2826 iu
201 2753 409 2826 humillimas
433 2771 552 2847 preces
576 2755 615 2826 D.
643 2754 732 2828 Petri
747 2753 912 2828 iirseaiia
932 2755 1036 2827 Ponte
1052 2751 1190 2828 abbatis
1207 2752 1286 2826 Pro·

73 2863 218 2936 maioris
244 2865 418 2942 Generalis
442 2866 682 2940 Menaenorum
714 2866 1018 2940 camaldulensium
1051 2865 1287 2940 saneussrmus

72 2971 219 3048 boninus
244 2977 365 3049 Noster
389 2976 468 3050 Pius
495 2979 556 3051 PP.
583 2979 628 3050 vi
657 2978 838 3053 elementer
869 2978 1024 3062 indulsit,
1050 2985 1087 3052 ut
1111 2995 1230 3052 omnes
1254 2981 1288 3051 et

71 3083 203 3175 sbrguiae
228 3087 362 3171 Missae,
389 3107 477 3180 quae
500 3091 595 3180 iuxta
620 3089 880 3164 constitutiones
904 3091 957 3164 vei
982 3088 1183 3163 laudabilem
1207 3107 1286 3162 cou-

71 3197 270 3273 suetudinem
301 3199 453 3292 ejusdem
479 3201 631 3286 Ordinis,
657 3203 728 3275 siue
760 3204 923 3294 cujusque
952 3200 1145 3293 hujusmodi
1173 3201 1286 3276 Mana-

70 3311 146 3382 sterit
169 3312 273 3384 etiam
298 3313 491 3386 bianiaiium
516 3313 623 3407 ipsius
649 3312 782 3387 Ordinis
798 3312 1101 3387 camaldulensium
1128 3317 1197 3386 tam
1217 3329 1288 3386 ere

70 3419 259 3514 illaquam
285 3422 470 3514 erigendis,
499 3443 562 3519 pra
591 3426 739 3498 Summis
771 3423 1005 3508 Pontificibus,
1038 3422 1286 3508 cardinalibus,

70 3529 314 3622 tentatoribus,
339 3536 525 3629 Episcopis,
551 3555 614 3612 seu
639 3537 838 3622 ordinariis,
863 3537 1014 3630 ipsisque
1038 3535 1227 3620 Monacbis,
1254 3540 1288 3610 et

69 3642 263 3733 domibus,
289 3649 481 3742 uarumque
504 3656 636 3752 lautum
662 3651 876 3724 cautioribus
898 3657 967 3724 bm
984 3649 1158 3733 defunctis,
1184 3666 1287 3741 quam

69 3757 197 3831 aenas
220 3759 415 3852 hujusmodi
440 3761 476 3833 iu
500 3755 675 3854 posterum
700 3761 742 3836 ab
762 3762 826 3835 bae
841 3762 909 3835 vila
924 3760 1123 3844 decessuris,
1141 3759 1200 3852 qui
1216 3759 1287 3834 bea

70 3863 99 3936 b
119 3869 274 3946 maritate
299 3873 466 3964 cunjuncti
491 3874 534 3946 ab
559 3873 623 3947 bac
645 3875 721 3948 iuee
736 3873 961 3966 migraverint,
987 3871 1147 3948 celebrari
1163 3869 1288 3946 debem

70 3977 115 4050 rei
136 3982 252 4068 soient,
278 3982 322 4057 ad
346 3984 584 4078 quodcumque
608 3984 719 4060 bitare
743 3986 911 4060 &clasiae
935 3990 1003 4058 um
1028 3982 1286 4068 Monacborum,

72 4107 161 4179 qum
185 4096 374 4172 Muniaiium
398 4097 588 4192 praedictae
613 4099 885 4193 congregationis
909 4097 1177 4184 celebrabuntur,
1215 4095 1285 4169 ani-

72 4217 137 4276 uaa
160 4207 322 4298 ejusmodi
346 4227 408 4304 pra
435 4229 502 4303 qua
527 4211 711 4286 celebratae
735 4211 857 4286 inerint
881 4208 1021 4305 perinde
1045 4209 1285 4304 sudraganlm3

73 4328 106 4386 ae
127 4315 155 4392 si
179 4318 222 4396 ad
243 4320 352 4398 Altera
377 4322 621 4418 uariegatam
645 4323 829 4400 celebratae
853 4323 1003 4402 iubeam.
1029 4320 1102 4398 Nou
1127 4317 1285 4398 abstenti·
