3120 4924
597 381 816 451 -aii-

100 517 248 604 bulbus,
272 517 437 593 molossis
461 525 495 592 et
519 519 554 592 S.
579 519 824 594 communione
847 519 989 606 reiectis
1015 521 1076 613 om
1098 519 1245 614 alium
1260 523 1322 606 Et·

99 633 227 706 alesiam
252 632 421 726 praefatae
453 631 724 725 congegationis
756 633 812 706 dio
835 629 1060 707 decimatortia
1081 633 1276 714 Decembris
1302 647 1325 711 a

94 745 203 839 primis
229 746 381 837 vesperis
405 763 514 836 usque
540 745 583 818 ad
607 763 762 819 omasum
788 747 868 819 solis
884 746 950 818 diei
967 745 1160 838 hujusmodi
1181 748 1320 841 siugulis

95 859 181 930 aunis
207 849 330 931 deuote
355 857 569 942 visitaverint,
594 859 709 952 ibique
732 862 829 952 juxta
854 866 1002 933 mentem
1028 860 1217 933 sanctitatis
1233 861 1321 936 Suae

93 973 140 1064 pie
163 970 349 1054 oraverint,
374 970 617 1063 indulgentiam
634 972 820 1046 Pleuariam
843 973 987 1063 benigne
1005 972 1179 1045 concessit.
1197 973 1323 1046 Voluit·

93 1103 151 1175 que
166 1083 335 1156 Sanctitas
352 1084 418 1156 Sua
443 1084 530 1156 banc
547 1083 685 1176 gratiam
702 1085 873 1178 perpetuis
890 1085 1009 1158 tuturis
1025 1085 1234 1178 temporibus
1250 1085 1320 1160 iore

93 1195 261 1269 valituram
288 1195 417 1287 absque
442 1196 508 1268 ulla
532 1197 646 1269 Brevis
671 1195 895 1290 expeditione.

154 1310 280 1382 ilatum
305 1309 432 1380 llomae
457 1326 500 1380 eu
526 1309 709 1382 Secretaria
741 1310 815 1382 Sac.
842 1308 1117 1402 congregationis
1142 1308 1319 1403 indulgeu-

91 1421 204 1498 tlarum
230 1421 287 1495 dle
313 1423 362 1492 ³⁰
387 1419 508 1514 Aprilis
535 1425 643 1493 libb.

686 1535 726 1607 N.
752 1533 855 1608 Canu.
882 1533 1097 1610 murnum
1123 1531 1245 1608 ram.

857 1647 890 1720 S.
917 1647 1049 1740 itorpie
1075 1645 1198 1721 Sacra.

609 1883 796 1958 cclxxii.

260 2111 392 2167 naumis
416 2113 467 2168 FF.
494 2115 524 2167 B.
551 2116 586 2168 ii.
613 2115 753 2169 vinomis
779 2117 822 2168 bic
847 2115 955 2168 nonin·
981 2115 1142 2168 eanmund.

155 2319 212 2393 Ad
239 2318 444 2392 humillimas
469 2337 588 2412 preces
612 2321 666 2392 Fr.
691 2320 827 2413 Josepiu
853 2321 978 2394 alberti
1011 2319 1174 2394 Ximenez
1200 2321 1323 2394 Proou

88 2433 203 2506 ratoris
231 2431 404 2504 Generalis
429 2431 564 2505 Ordinis
589 2433 742 2506 Fratrum
767 2433 803 2506 R.
830 2433 870 2508 ll.
899 2433 941 2505 V.
967 2430 1009 2506 de
1033 2433 1146 2508 bionte
1172 2431 1323 2506 Cmmelo

87 2542 326 2618 Saumbsimus
352 2544 515 2616 Dominus
540 2545 659 2618 Noster
675 2545 831 2618 Clemens
848 2545 910 2616 ΡΡ.
937 2543 1013 2615 ΧΙΙΙ
1030 2543 1186 2617 omnibus
1203 2544 1325 2617 utrius

88 2675 150 2750 qno
161 2673 272 2730 sexus
284 2645 565 2729 Christilidellbus
581 2672 661 2730 rere
677 2657 936 2748 poenitentibus,
951 2655 1113 2730 confessis
1130 2663 1163 2729 et
1176 2657 1210 2728 S.
1225 2653 1322 2730 Gom·

89 2771 250 2843 munione
275 2769 418 2853 reiectis,
433 2771 492 2860 qul
508 2770 717 2862 Expositioui
741 2769 947 2843 Sanctissimi
969 2768 1195 2842 Eucharistiae
1209 2768 1326 2842 Sacra·

89 2883 189 2956 menti
217 2880 262 2954 de
288 2879 540 2956 ordinariorum
565 2881 752 2974 respective
775 2879 941 2955 locorum
962 2881 1093 2956 licentm
1118 2881 1152 2952 ln
1177 2881 1325 2973 qualibet

89 3011 129 3066 er
151 2993 315 3068 Ecclesiis
340 2993 419 3065 i'i'r.
453 2991 613 3085 praedicti
640 2993 775 3066 Ordinis
800 2995 1006 3086 ubicumque
1036 2993 1258 3066 exstantibus
1288 2994 1325 3070 itt

89 3125 209 3182 uorem
228 3106 319 3180 ieriis
336 3105 464 3198 quartis
492 3105 686 3179 immediate
703 3105 976 3179 antecedentibus
997 3105 1119 3177 loetum
1135 3103 1170 3174 S.
1188 3101 1325 3193 loseplri

89 3217 228 3309 singulis
252 3217 350 3289 anuis
383 3216 554 3292 iaciendas
579 3237 641 3310 per
666 3217 801 3308 aliquod
833 3216 995 3309 temporis
1028 3213 1172 3307 spatium
1205 3213 1325 3286 deuote

89 3327 308 3414 nnnmriut
335 3329 450 3422 ibique
467 3349 529 3424 pro
552 3329 818 3403 Christianorum
835 3329 1026 3421 Principum
1044 3321 1326 3406 concordiense

90 3459 202 3516 rasum
235 3443 459 3535 extirpatione
491 3461 530 3515 ao
556 3443 590 3515 S.
616 3443 729 3516 listris
761 3443 928 3514 Eoolosiae
954 3438 1153 3513 multatione
1184 3436 1257 3528 pias
1281 3431 1326 3508 ad

91 3555 197 3628 mum
222 3569 341 3648 preces
356 3555 548 3639 eiluderiut,
566 3555 809 3646 indulgentiam
826 3554 1010 3627 Pleuarlam
1027 3553 1063 3624 iu
1082 3567 1150 3624 uua
1166 3561 1210 3620 ex
1231 3561 1327 3639 prae-

93 3665 186 3740 nens
209 3681 335 3740 norem
360 3667 465 3741 Feriis
480 3668 611 3760 quartis
627 3685 689 3760 per
713 3680 990 3758 unumquemque
1006 3659 1264 3738 cbnstlildeiem
1281 3657 1325 3729 ad

92 3779 143 3852 sui
158 3779 290 3853 mitum
307 3779 461 3871 eligenda
485 3777 756 3852 lucrifaciendam
773 3777 917 3868 benigue
934 3775 1116 3862 concessit;
1135 3789 1172 3843 ac
1188 3771 1325 3859 insuper
1476 3773 1492 3810 ·

93 3891 248 3965 omnibns
272 3891 451 3983 utriusque
476 3909 582 3964 serus
599 3889 887 3971 christifidelibus,
906 3889 964 3979 qui
988 3887 1090 3960 corde
1115 3883 1232 3956 saltem
1246 3892 1327 3953 oon

94 4003 160 4074 tn'ti
184 4009 347 4095 utsupra
372 4003 599 4088 interfuerint,
626 4010 660 4075 et
684 4002 850 4075 oraverint
873 4001 909 4072 in
934 3998 1071 4090 reliquls
1103 4003 1178 4070 octo
1202 3989 1325 4081 Feriis3

96 4113 239 4204 quadie
269 4115 494 4208 praelatarum
527 4117 563 4189 id
595 4115 723 4207 egerint
753 4111 995 4203 indulgentiam
1028 4114 1163 4181 centum
1195 4103 1325 4188 dierum

98 4225 274 4300 dementer
303 4228 462 4321 nuptus
486 4235 550 4302 est.
577 4228 756 4318 voluitque
785 4223 948 4296 Sanctitas
980 4223 1047 4294 Sua
1071 4220 1158 4291 hauc
1187 4213 1325 4306 gratiam

100 4339 265 4433 Willis
289 4341 413 4418 intus
436 4342 648 4438 temporibus
673 4340 743 4414 iore
768 4337 941 4413 valituram
967 4335 1095 4428 absque
1122 4329 1188 4405 ulla
1212 4324 1326 4400 Breuis
