3134 4918
754 345 972 412 -ttl-

242 479 370 574 alcuin
392 478 642 556 decernendum
663 488 794 556 curaret
810 480 897 554 circa
913 479 1195 554 authenticitatem
1219 482 1369 574 corporis
1386 484 1480 556 Beati

241 593 379 670 loannis
404 598 584 685 nuncupat.
603 594 654 666 lte
679 595 716 668 lc
744 593 861 676 Grillc,
888 591 981 684 quod
996 591 1039 664 ab
1056 591 1310 668 immemorabili
1324 599 1481 688 tempore

243 704 434 782 autminus
452 704 671 778 venerabatur
688 705 848 796 qnodque
864 705 908 780 ob
926 704 1075 798 gallicam
1097 705 1383 796 perturbationem
1402 714 1482 782 ante

244 834 368 890 annum
398 821 490 888 1793
518 817 560 888 ab
584 817 731 888 Ecclesia
755 817 789 891 in
810 836 876 910 qua
893 817 1089 894 servabatur
1105 816 1263 902 ablatum,
1278 818 1341 892 elsl
1359 837 1379 890 a
1397 837 1482 894 non·

243 930 342 1006 nullis
367 929 605 1006 Ecclesiasticis
638 930 717 1004 viris
734 929 868 1006 uocem
886 930 1071 1014 obtentum,
1098 935 1132 1004 ct
1148 937 1244 1006 ceute
1260 931 1481 1017 custoditum,

241 1049 355 1120 murco
389 1047 522 1134 tempus
554 1042 731 1116 amotionis
767 1041 921 1136 ejusdem
959 1042 1109 1134 corporis
1134 1043 1245 1136 ipsum
1271 1043 1482 1137 Episcopum

243 1156 416 1230 Oratorem
432 1155 467 1230 in
485 1153 625 1228 dubium
642 1173 709 1228 non
726 1156 800 1228 lere
818 1155 947 1228 vocarit
963 1153 1005 1226 de
1022 1153 1202 1238 identitate,
1221 1160 1321 1246 elque
1338 1157 1483 1232 authen·

243 1267 364 1342 tlcltale
390 1266 525 1360 praelati
557 1267 718 1359 corporis,
744 1285 834 1339 nunc
858 1266 978 1339 lteram
996 1265 1039 1338 etl
1055 1265 1209 1340 eamdem
1227 1267 1414 1342 Ecclesiam
1432 1287 1483 1342 re·

242 1380 371 1468 stituti3
397 1381 496 1452 Sacra
521 1379 621 1470 igitur
637 1379 855 1470 congregatio
872 1378 1099 1469 indulgentiis,
1118 1379 1295 1470 sacrisque
1315 1379 1482 1472 licliqnils

242 1493 441 1586 praeposita,
468 1493 559 1577 risis,
584 1499 618 1565 et
634 1492 814 1584 exploratis
831 1491 988 1566 exhibitis
1012 1491 1233 1575 documentis,
1251 1491 1373 1564 audilis
1395 1493 1484 1568 Con-

241 1605 405 1678 sultorum
430 1605 526 1690 rotis
544 1604 715 1695 rebusque
732 1611 860 1676 mature
878 1605 1063 1697 perpensis,
1080 1603 1261 1677 declaravit
1284 1604 1483 1682 «Constare

243 1716 285 1792 dc
310 1715 499 1798 identitate,
527 1721 559 1790 ct
584 1715 842 1790 authenticitate
869 1717 1023 1808 corporis
1039 1717 1140 1790 Beati
1155 1716 1323 1789 roccae·
1343 1735 1384 1790 ac
1400 1735 1482 1810 pro·

241 1837 355 1923 pterea
370 1829 522 1921 publicae
536 1830 654 1902 iterum
668 1828 817 1900 lidelinm
834 1829 1038 1902 uenerationi
1057 1829 1295 1920 exponentium
1311 1847 1391 1902 esse
1403 1848 1484 1904 cen·

241 1941 319 2024 suit.
346 1939 529 2013 dummodo
555 1946 666 2012 tamen
692 1940 765 2032 ipse
789 1939 975 2032 Episcopus
1001 1940 1119 2013 Orator
1143 1940 1237 2030 signa
1259 1950 1483 2032 recognoscat

243 2051 418 2145 Capeolae,
445 2069 531 2142 qnae
556 2051 695 2125 Sacrum
720 2051 851 2143 Corpus
878 2051 1024 2135 includit,
1051 2050 1105 2124 rel
1130 2057 1297 2141 quatenus
1313 2069 1402 2144 opus
1422 2054 1482 2136 sit,

243 2165 356 2238 denuo
381 2164 452 2236 suis
477 2163 582 2254 signis
608 2164 819 2247 authenticat,
846 2161 985 2236 dimisso
1010 2181 1115 2254 penes
1140 2163 1339 2246 Ecclesiam,
1358 2165 1392 2236 in
1411 2185 1482 2256 qua

242 2277 443 2360 custoditur,
470 2276 660 2350 testimonio
685 2276 920 2367 recognitionis
945 2275 1201 2349 authenticitatis
1226 2275 1406 2366 Ejusdem,
1437 2296 1482 2350 ne

243 2389 277 2462 in
303 2395 473 2482 posterum
500 2407 626 2461 norum
643 2387 782 2462 dubium
804 2389 982 2462 exoriatur.
1000 2387 1170 2460 Praesenti
1189 2388 1328 2462 valituro
1345 2388 1481 2480 absque

242 2501 309 2574 ullo
341 2501 455 2574 Breuis
487 2500 711 2592 expeditione.
746 2501 864 2572 Datum
892 2501 1016 2572 Romae
1041 2517 1085 2572 ex
1110 2499 1294 2572 secretaria
1323 2501 1483 2592 ejusdem

243 2613 316 2688 Sec.
342 2612 614 2704 congregationis
639 2610 768 2704 ludulg.
795 2611 849 2684 (lic
877 2617 922 2683 ll)
948 2610 1154 2704 Septembris
1182 2615 1288 2683 rese.

857 2723 895 2796 C.
921 2723 1025 2796 Cano.
1051 2722 1269 2796 strnxcxrrn
1294 2723 1419 2798 Panas.

959 2835 1000 2906 tl.
1024 2833 1173 2906 Ginacsi
1199 2834 1323 2908 Secret

775 3032 942 3106 coxerit.

751 3177 966 3234 burcturi.

316 3285 542 3360 Postularerat
567 3282 735 3358 Ecclesiae
760 3282 946 3358 aniciensis
972 3281 1109 3354 Antiatis
1125 3280 1168 3354 ab
1185 3281 1374 3374 Apostolus
1391 3281 1483 3354 Sede

245 3397 496 3472 renuvationem
522 3397 750 3487 indulgentiae
776 3396 955 3478 Plenariae‚
982 3412 1068 3485 quae
1095 3394 1181 3466 inter
1198 3393 1332 3483 gratias.
1357 3393 1483 3484 qulbus

247 3509 319 3601 ipsa
333 3510 481 3581 Ecclesia
495 3508 602 3580 iuerat
615 3508 725 3590 ditata,
740 3507 927 3579 celebrisel
939 3505 1115 3596 singularis
1129 3504 1296 3578 eminebat
1317 3505 1350 3576 iu
1374 3505 1481 3580 torma

244 3622 396 3705 iubilant,
422 3639 579 3712 quaeque
603 3618 835 3697 lucrifaciendo
861 3618 1014 3692 fluetibus
1041 3617 1289 3710 proponebatur
1320 3617 1355 3688 in
1393 3616 1481 3688 lesti-

244 3735 344 3806 ritate
370 3741 402 3807 et
434 3733 566 3805 octiduo
592 3732 805 3804 Beatissimae
829 3731 975 3820 Virginis
1000 3730 1042 3802 ab
1072 3730 1199 3820 Angelo
1229 3729 1475 3810 noanneane,

245 3821 443 3940 praesertim
471 3843 606 3936 quando
633 3845 714 3916 lraec
744 3843 815 3935 ipsa
846 3843 1003 3914 testivitas
1021 3859 1097 3914 cum
1119 3846 1214 3913 sexta
1244 3839 1323 3912 laria
1348 3839 1480 3930 blojoris

252 3957 490 4031 Hebdomades
516 3957 690 4028 concurrit.
709 3955 793 4026 Hinc
809 3963 861 4027 eet
877 3953 968 4046 quod
986 3953 1221 4025 sanctissimus
1237 3951 1401 4024 Dominus
1416 3951 1480 4022 No·

249 4077 320 4143 ster
346 4069 526 4161 Gregorius
549 4069 621 4142 .PP.
647 4068 723 4140 xvi
748 4066 899 4159 elrrsdem
926 4066 1088 4137 antistitis
1113 4064 1269 4155 precibus
1294 4063 1478 4145 inclinatus,

245 4201 323 4258 cum
349 4181 575 4273 indulgentias
599 4181 738 4256 lubilael
764 4180 827 4254 nisi
851 4199 894 4254 ex
918 4195 1082 4271 expresso
1099 4177 1171 4268 ejus
1189 4176 1357 4259 mandale,
1375 4176 1404 4252 si
1420 4193 1476 4266 op

243 4300 424 4387 porturmm
448 4291 658 4386 iudicaverit,
684 4291 888 4372 inliciendas
913 4291 1049 4367 omnino
1067 4288 1253 4384 probibuit,
1270 4305 1476 4381 supraeunn·
