3164 4926
571 385 788 454 -tae-

75 521 196 593 stiam
219 518 470 594 Arcbiducibus
495 537 585 594 nuuc
608 530 642 596 et
667 523 702 594 in
722 528 895 616 posterum
911 537 1126 614 quocumque
1144 527 1296 617 tempore

73 632 285 706 mmmdbus
318 651 399 706 vere
429 634 692 726 poenitentibus,
723 633 886 708 confessis
922 639 956 708 et
987 635 1023 706 S.
1052 633 1297 710 commuuione

72 743 205 829 rdacds,
234 745 299 837 qui
328 745 509 838 praefatam
538 746 721 820 Ecclesiam
747 765 962 840 quocumque
993 747 1072 820 anui
1097 747 1151 822 dle
1176 747 1296 825 devote

71 857 286 942 v'uitaveriut,
313 857 427 950 ibique
451 877 513 952 pro
538 859 624 932 Pace
649 865 682 932 et
707 859 970 934 Christianumm
995 859 1186 953 Principum
1219 877 1298 934 cou-

69 968 174 1054 tordia,
202 970 393 1046 haeresum
410 972 646 1064 extirpatioue,
673 989 711 1044 ac
736 971 770 1043 S.
797 973 910 1046 blattis
934 971 1101 1046 Ecclesiae
1127 973 1297 1046 exaltatio·

67 1099 100 1154 uc
120 1084 193 1174 pias
229 1083 280 1157 ad
311 1085 421 1159 baum
453 1103 571 1178 preces
604 1083 804 1168 effuderint,
838 1084 1047 1168 Pleuarlam,
1078 1084 1234 1158 omuibus
1265 1090 1298 1158 et

67 1193 192 1285 singulis
219 1195 426 1270 eorumdem
454 1197 664 1288 llajestalum
697 1195 943 1280 archiducem,
974 1213 1012 1268 ac
1040 1197 1231 1288 Principum
1265 1202 1299 1269 el

66 1305 341 1400 Principissarum
364 1327 426 1402 pro
451 1316 601 1402 tempore
626 1309 770 1381 existen.
796 1307 972 1400 utriusque
997 1325 1101 1380 sexus
1121 1307 1298 1380 Familiari-

64 1417 132 1502 bns,
157 1438 244 1493 vere
274 1417 408 1512 {pariter
432 1419 694 1513 poenitentibus,
726 1419 887 1492 confessis
922 1427 955 1492 et
987 1419 1021 1492 S.
1054 1419 1299 1492 domatione

64 1529 191 1614 aledis,
221 1531 291 1623 qui
317 1531 450 1606 duobus
475 1539 605 1606 tautum
630 1532 809 1624 cujuslibet
833 1532 960 1604 mensis
985 1530 1106 1605 diebus
1132 1531 1175 1604 ad
1191 1531 1301 1624 cujus

64 1659 119 1731 que
142 1645 332 1718 arbitrium
357 1645 518 1738 eligendis
544 1647 723 1739 ipsammet
746 1643 929 1718 Ecclesiam
954 1649 992 1716 ut
1013 1642 1200 1736 praefertur
1223 1641 1301 1716 visi·

65 1757 205 1842 breint,
220 1757 346 1848 ibique
358 1759 534 1842 oraverint,
548 1759 582 1830 lu
596 1776 665 1830 uuo
677 1755 874 1840 Pleuariam,
887 1756 923 1830 iu
940 1755 1042 1830 allero
1054 1769 1136 1830 vero
1148 1756 1299 1848 ipsorum

64 1863 108 1938 dle
128 1874 274 1962 septem
300 1885 476 1954 auucmm,
495 1869 701 1960 totidemque
718 1867 1031 1960 Quadrageuarum3
1057 1867 1228 1942 lluiversis
1245 1886 1302 1940 au·

66 1985 121 2050 bur
144 1989 180 2054 et
206 1981 359 2072 singulis
383 1982 558 2073 uniusque
587 1998 692 2054 senus
725 1977 1020 2064 christifidelibus,
1047 1979 1196 2054 simililer
1221 1993 1301 2052 vere

64 2093 325 2180 comitantibus,
350 2094 523 2178 confessis,
550 2113 589 2166 ac
613 2094 648 2166 S.
676 2091 919 2170 communione
943 2091 1084 2178 refectis,
1103 2091 1163 2184 qui
1179 2090 1301 2164 dictam

63 2200 241 2278 Etdcsiarn
271 2205 308 2278 iu
332 2205 563 2280 festivitatibus
586 2204 831 2296 conceptionis,
865 2204 1080 2288 visitationis,
1105 2203 1301 2286 Natiuitatis,

67 2313 366 2402 lamentationis,
392 2316 681 2399 liuuuuclatlonis,
708 2315 969 2398 Purllioaliouis,
996 2321 1029 2388 et
1052 2313 1302 2407 assumptionis

66 2425 281 2504 lmdssime
311 2429 351 2502 V.
385 2430 506 2506 llariae
539 2428 791 2510 immaculatae,
824 2445 864 2500 ac
895 2426 1117 2502 dedicationis
1150 2423 1303 2516 ejusdem

66 2537 242 2626 Ecclesiae,
271 2559 429 2614 necnon
461 2543 660 2616 Sanctorum
692 2540 827 2623 Annae,
853 2539 1008 2632 losephi,
1040 2536 1236 2632 Augustini,
1270 2541 1304 2610 ct

65 2649 219 2746 leopoldi
249 2651 406 2728 lustriae
431 2653 563 2730 Patroni
589 2673 608 2725 a
633 2652 750 2746 primis
776 2652 926 2744 vesperis
951 2669 1061 2742 usque
1086 2649 1130 2722 ad
1146 2663 1304 2723 occasum

66 2765 135 2838 solis
157 2766 384 2840 festivitatum
409 2765 614 2860 hujusmodi,
640 2773 740 2857 atque
764 2765 800 2838 iu
824 2766 933 2859 primo
958 2771 992 2838 et
1022 2764 1139 2838 ultimo
1163 2761 1218 2836 die
1240 2760 1305 2834 No

66 2893 159 2952 tutae
184 2879 380 2952 Nan'vilatis
405 2879 597 2952 Dominicae
622 2877 743 2950 devote
767 2877 983 2960 visitaverint,
1010 2895 1049 2950 ac
1073 2875 1133 2950 uni
1159 2893 1203 2948 ex
1220 2873 1306 2964 Sup-

67 2989 300 3080 plicatinnibus
326 2989 369 3063 ad
393 2990 547 3066 eamdem
573 2989 756 3064 Ecclesiam
781 2989 854 3062 lieri
879 2989 983 3062 solitis
1009 2987 1115 3062 semel
1130 2987 1166 3060 iu
1186 3001 1305 3058 meuse

68 3099 295 3188 nlcrbreriut,
320 3103 453 3194 ibique,
479 3110 643 3196 utsupra
669 3101 851 3185 oraverint,
877 3099 1081 3188 Pleuariam3
1107 3099 1143 3170 in
1167 3095 1305 3187 reliquis

69 3230 137 3286 vcro
162 3215 265 3288 lastis
299 3213 450 3306 ejusdem
482 3216 518 3286 B.
550 3215 672 3290 llariae
703 3213 849 3305 Virginis
880 3212 1132 3293 immaculatae,
1165 3207 1307 3296 aliisque

70 3334 192 3418 mlum
220 3327 415 3422 praedictae
440 3329 597 3402 Noveuae
623 3327 760 3410 diebus,
786 3343 825 3398 ac
856 3325 953 3398 aliam
984 3341 1104 3408 uuam,
1129 3320 1180 3394 uti
1208 3335 1305 3412 prae·

70 3435 187 3524 bnur,
225 3439 513 3532 Supplicatiouem
543 3439 682 3530 siugulis
715 3437 889 3510 mensibus
919 3435 1064 3510 comitati
1097 3432 1242 3514 fuerint,
1269 3445 1307 3501 ac

69 3553 251 3638 memissa
277 3559 487 3645 peragerent,
508 3559 639 3646 septem
655 3569 818 3626 annorum
840 3549 1046 3641 totidemque
1072 3543 1307 3634 Quadragaua·
1451 3625 1454 3632 ,

73 3677 157 3752 rum3
183 3667 225 3737 lu
252 3665 391 3756 reliquis
409 3683 490 3737 veto
506 3664 646 3756 siugulis
663 3663 828 3754 ejusmodi
845 3659 1150 3757 supplicationibus
1171 3661 1306 3754 centum
1453 3741 1460 3758 ¹

76 3769 200 3848 dierum
228 3774 526 3868 ludulgenliarum.
552 3777 694 3868 Insuper
718 3776 754 3847 ln
771 3775 909 3868 siugulis
931 3771 1068 3848 sabbati
1084 3768 1214 3851 diebus,
1241 3765 1308 3840 siu·

74 3887 290 3980 gularumque
314 3889 351 3962 ll.
378 3889 502 3964 Manae
529 3888 671 3980 Virginis
696 3887 909 3962 festivitatum
933 3883 1113 3982 pervigiliis
1133 3879 1307 3954 Parllalem

75 3999 170 4072 trium
194 4019 372 4086 anticuum,
399 4000 609 4093 totidemque
635 4000 940 4093 Quadrageuarum,
967 4005 1001 4072 et
1031 3993 1310 4087 quotiescumque

77 4107 215 4186 litanias
240 4114 393 4206 ejusdem
419 4115 455 4184 ll.
482 4113 603 4187 blaciae
620 4112 766 4205 Virginis
787 4111 1010 4192 recitaverint,
1026 4107 1216 4178 bisceutum
1243 4104 1312 4178 die·

78 4239 167 4314 rutu3
192 4244 231 4299 ac
253 4227 394 4302 demum
421 4226 612 4300 stationales
625 4244 687 4320 pro
713 4224 834 4300 diebus
861 4225 895 4297 iu
921 4217 1044 4297 blissali
1069 4218 1220 4290 Romano
1237 4223 1311 4290 tau·

80 4339 145 4408 mm
169 4337 342 4434 descriptis
367 4335 606 4429 indulgentias,
634 4343 734 4430 alque
760 4353 879 4412 omues
896 4341 931 4411 et
946 4328 1097 4420 singulae
1114 4329 1313 4404 enunciatae

196 4455 217 4520 e
