3164 4926
805 369 1023 436 -tts-

832 575 988 650 cxcvii.

368 721 495 780 onnrms
520 717 747 776 smorrssnrto
772 721 954 774 rmurrarrs
979 717 1213 774 annnurrroms
1238 717 1446 772 earnronuu

291 893 297 900 -
366 845 418 919 dd
444 843 646 919 bumidimas
670 860 788 936 preces
814 843 867 914 Fr.
893 841 1041 932 Magistri
1066 841 1153 913 Petri
1178 839 1343 912 Francisoi
1368 837 1521 911 Vaccbini

294 957 448 1032 moderni
465 956 543 1030 Fir.
562 957 663 1029 totius
680 953 814 1028 Ordinis
840 952 1076 1027 Sanctissimae
1092 952 1257 1026 Trinitatis
1279 950 1524 1044 Redemptionis

295 1069 511 1162 Captivorum
535 1074 717 1159 nuncupat.
744 1065 1069 1139 Vico-Procuratoris
1095 1065 1267 1137 Generalis
1292 1063 1525 1136 sanctissimus

294 1182 459 1255 Dominus
484 1180 604 1256 Noster
628 1178 828 1252 Benedictus
853 1178 915 1250 ΡΡ.
942 1178 1019 1250 XIV
1046 1178 1158 1250 andito
1174 1177 1260 1250 Veto
1286 1177 1359 1248 Sec.
1387 1175 1526 1268 Congre-

294 1293 437 1386 gationis
462 1292 680 1384 indulgentiis
706 1291 885 1382 sacrisque
902 1289 1062 1380 Reliquis
1088 1289 1295 1382 praepositae
1321 1290 1438 1361 rolens
1463 1305 1527 1358 om-

296 1425 358 1480 nes
384 1413 418 1479 et
443 1406 593 1498 siugulas
619 1405 786 1478 Ecclesias
812 1403 1057 1476 conventuales
1082 1404 1161 1476 Fir.
1187 1401 1380 1495 hujusmodi
1405 1401 1528 1492 ubique

294 1519 472 1594 Terrarum
499 1519 693 1603 existentes,
721 1525 790 1592 tam
815 1525 954 1602 erectas
978 1515 1080 1610 quam
1106 1517 1141 1590 in
1165 1523 1337 1611 posterum
1356 1514 1528 1608 erigendas

294 1632 479 1724 inquibus
505 1629 732 1704 attunttbare
758 1631 823 1705 snb
849 1629 903 1703 die
930 1635 975 1703 29
1002 1631 1077 1702 Iulii
1107 1634 1198 1702 1727
1226 1631 1296 1703 aS.
1324 1631 1367 1704 Iti.
1394 1627 1528 1704 Benedi-

296 1750 350 1818 cto
375 1744 451 1816 XIII
474 1745 570 1836 juxta
595 1749 720 1816 certam
745 1742 886 1815 formam
911 1743 980 1834 jam
1005 1741 1247 1835 privilegIatum
1272 1742 1307 1814 in
1332 1747 1529 1833 perpetuum

295 1855 471 1948 reperitur,
498 1854 591 1947 quod
607 1873 670 1948 per
685 1863 880 1948 praesentes
896 1855 1036 1929 Litteras
1063 1853 1255 1928 autoritate
1278 1853 1530 1947 apostolicare

296 1965 437 2050 vocavit,
466 1973 499 2039 et
523 1967 559 2038 in
584 1966 633 2038 eis
659 1966 760 2040 situm
785 1966 897 2040 attare
922 1985 941 2039 a
966 1967 1152 2059 respectiva
1169 1967 1334 2040 Iocorum
1360 1961 1529 2037 ordinario

297 2078 405 2150 semel
431 2077 678 2170 designandum
701 2079 767 2152 boc
783 2079 919 2173 speciali
943 2079 1115 2170 privilegio
1140 2079 1315 2162 illustrare,
1335 2081 1370 2150 ut
1386 2075 1531 2169 quando

298 2207 446 2282 cumque
471 2190 634 2264 Sacerdos
661 2191 780 2283 aliquis
806 2191 1002 2275 Saecularis,
1028 2191 1082 2264 rel
1107 2192 1255 2283 cujusvis
1280 2189 1425 2274 Ordinis,
1454 2190 1532 2262 Gon·

298 2302 501 2393 gregationis
518 2309 552 2376 et
567 2303 711 2377 instituti
735 2303 909 2395 Regularis
925 2303 1062 2379 Missam
1078 2319 1139 2396 pro
1155 2302 1276 2376 Anima
1293 2304 1532 2395 cujuscumque

298 2413 541 2500 Christiddelis,
568 2433 656 2508 quae
680 2416 751 2488 Deo
776 2417 812 2488 in
837 2415 997 2489 charitate
1022 2415 1198 2506 conjuncta
1224 2416 1265 2488 ab
1291 2414 1354 2488 beo
1378 2415 1456 2488 luce
1475 2413 1532 2486 nri-

300 2527 454 2618 grarerit,
472 2525 516 2600 ad
532 2526 644 2600 ditare
668 2527 854 2620 praelatum
880 2527 1077 2617 celebrabiI3
1103 2528 1213 2600 anima
1230 2529 1303 2621 ipsa
1320 2525 1363 2602 de
1378 2527 1533 2600 thesauro

298 2637 468 2712 Ecclesiae
492 2655 554 2731 per
579 2637 719 2712 modum
744 2639 893 2730 sudragii
918 2638 1161 2731 indulgentiam
1179 2645 1422 2732 consequatur3
1440 2639 1486 2711 ita
1502 2643 1535 2710 ut

301 2749 435 2822 Domini
459 2751 570 2823 Nostri
595 2751 676 2824 lesu
701 2750 834 2836 Christi,
853 2771 892 2824 ac
908 2752 1123 2826 Beatissimae
1148 2752 1294 2844 Virginis
1318 2752 1443 2826 Mariae
1461 2753 1536 2824 San·

303 2869 503 2953 otornmque
515 2863 668 2938 omnium
684 2864 813 2938 meritis
830 2864 894 2938 sibi
911 2865 1169 2957 suifragantibus
1186 2886 1206 2938 a
1223 2865 1406 2957 Purgatorii
1422 2864 1536 2957 poenis

301 2975 472 3060 liberetur,
498 2975 645 3068 benigne
670 2977 845 3062 concessit,
873 2983 973 3070 atque
999 2977 1146 3052 indulsIt.
1171 2979 1247 3052 Non
1271 2976 1483 3052 obstantibus
1506 2977 1538 3049 in

303 3087 507 3159 contrarium
539 3085 736 3163 iacientibus
769 3090 1052 3183 quibuscumque.
1083 3091 1254 3164 Praesenti
1278 3089 1314 3164 in
1339 3097 1538 3184 perpetuum

301 3198 453 3271 valituro.
480 3197 660 3291 Voluitque
686 3201 849 3274 Sanctitas
867 3203 934 3276 Sua
952 3203 1040 3276 banc
1064 3202 1203 3294 gratiam
1220 3201 1394 3294 subrogari
1412 3202 1539 3292 absquo

301 3309 371 3386 nlla
395 3310 511 3385 Brevis
528 3311 772 3407 expedictione.
791 3316 911 3389 Datum
929 3317 1054 3389 Romae
1080 3313 1135 3388 die
1159 3321 1197 3386 tr
1220 3315 1414 3389 Decembris
1435 3319 1538 3386 1750.

820 3429 881 3502 Fn.
906 3429 935 3500 J.
963 3427 1065 3500 Gran.
1092 3428 1360 3502 Poarooaannao
1385 3426 1510 3500 Panna.

791 3541 832 3615 Α.
859 3543 906 3617 Μ.
934 3539 1029 3614 ertu
1054 3540 1149 3613 Prot.
1176 3541 1390 3635 apostaticos
1417 3541 1538 3615 secret

840 3733 1009 3811 CXCVIII.

782 3882 875 3938 obbas
901 3884 942 3936 tta
969 3883 1062 3937 obbas

376 3981 512 4060 Editum
535 3989 605 4081 jam
630 3987 692 4060 init
710 3987 888 4063 Decretum
914 3991 1041 4063 tenoris
1062 3991 1120 4084 qni
1146 3989 1300 4083 seqnitur
1324 3990 1439 4064 ‹Curu
1467 3991 1541 4063 Soc.

306 4093 572 4192 Congregotioai
597 4097 823 4194 indulgentiis
848 4107 880 4175 et
907 4103 1211 4195 mansuetique
1235 4104 1460 4198 praepositae
1487 4101 1544 4173 bu·

301 4208 447 4282 ruilliaco
472 4212 664 4304 expositum
688 4213 794 4306 fuerat
819 4214 927 4288 tribon
965 4215 1104 4301 diebos,
1131 4217 1257 4290 sctttret
1286 4217 1388 4290 Faria
1416 4216 1544 4300 Quinto

300 4315 338 4390 ia
367 4318 482 4400 Coeno
514 4325 665 4414 Domini,
693 4345 736 4402 oc
761 4328 975 4406 Poroscaoeo
1002 4335 1034 4404 rt
1066 4331 1217 4404 Sabbata
1251 4331 1391 4408 Sancto,
1423 4329 1545 4420 potions
