3182 4922
596 345 815 412 -ttte-

113 482 186 576 poris
206 477 356 575 spatium
367 483 463 574 juata
487 487 635 556 mentem
661 477 848 554 sanctitatis
873 468 961 558 Suae
985 481 1041 574 ple
1066 481 1242 567 oraverint,
1259 482 1317 556 be·

111 595 193 687 nigre
214 594 384 668 concessit.
412 594 581 667 Praesenti
606 595 776 686 perpetuis
801 593 920 668 laturis
945 594 1153 688 temporibus
1176 595 1316 670 valituro

111 707 217 799 absum
239 707 305 780 ulla
330 707 444 782 Brevis
469 707 700 799 expeditione,
727 725 804 780 cum
836 690 991 780 facultate¹
1015 723 1154 808 quoque,
1178 707 1316 782 easdem

110 819 311 913 indulgentias
337 820 513 894 animabus
537 821 570 892 iu
596 821 788 911 Purgatorio
814 819 957 892 detentis
988 820 1184 913 applicandi.

165 933 279 1006 butum
304 934 431 1006 Romae
456 949 500 1005 ex
525 932 708 1006 secretaria
733 933 806 1005 Sao.
833 932 1105 1026 congregauonis
1134 932 1313 1026 indulgen·

106 1045 205 1120 tuum
229 1047 284 1121 die
309 1045 500 1140 biiugusti
529 1051 634 1120 isti.

751 1157 787 1230 F.
813 1157 917 1230 Gonu.
943 1155 1117 1240 Ascensus
1142 1158 1264 1232 unsar.

618 1269 767 1344 Aietoios
790 1269 947 1364 lrcttpr.
977 1271 1179 1346 Priczr'oelli
1205 1272 1316 1348 subet.

627 1461 784 1542 excid.

560 1609 653 1666 usms
678 1611 719 1666 nr
745 1611 839 1676 onnus

160 1717 469 1812 demptamque
502 1737 540 1792 ac
571 1721 740 1813 praeclara
773 1720 920 1794 Societas
953 1720 1202 1815 propagationis
1228 1719 1321 1796 Fidei

100 1831 179 1905 titulo
203 1838 406 1924 nuncupata,
433 1849 477 1905 en
502 1849 570 1924 quo
596 1833 709 1906 multis
734 1833 856 1906 abhinc
888 1834 985 1907 annis
1017 1833 1159 1907 mirabili
1184 1833 1317 1908 urinae

100 1943 318 2018 Prouidentiae
341 1945 479 2017 consilio
505 1951 614 2016 ortum
643 1943 760 2017 habuit
784 1946 818 2018 in
846 1945 959 2029 Galia,
987 1945 1097 2018 medio
1122 1947 1319 2038 praesertim

99 2055 201 2130 uineae
227 2055 416 2130 dominicae
441 2056 623 2130 cultoribus
649 2056 893 2148 suppeditando
919 2057 961 2131 ad
988 2059 1190 2132 Catholicam
1214 2059 1318 2132 iidem

98 2167 127 2240 ln
149 2168 381 2242 remotissimis
401 2167 478 2240 licet
497 2169 690 2260 regionibus
703 2168 829 2242 lucilius
842 2169 1124 2243 disseminandam
1138 2171 1320 2263 plurimum

93 2295 214 2375 semper
231 2281 419 2363 contulerit,
446 2281 525 2352 binc
551 2299 626 2352 eam
651 2283 791 2353 Romani
811 2283 987 2356 Pontifices
1005 2283 1038 2354 iu
1056 2301 1152 2355 suem
1170 2283 1320 2373 recipere

92 2395 216 2468 turcian
243 2393 337 2467 baud
362 2393 669 2486 praetermiserunt,
695 2395 798 2498 immo
824 2394 1051 2486 spiritualibus
1069 2395 1199 2479 Gratiis,
1218 2401 1319 2486 atque

91 2505 302 2602 indulgentiis
319 2507 497 2600 apostolica
523 2509 714 2582 auctoritate
732 2507 888 2592 ditarunt,
907 2527 975 2600 quo
992 2515 1025 2582 et
1042 2509 1158 2600 mejeri
1176 2508 1320 2582 Societa-

90 2619 126 2690 tis
141 2617 247 2713 ipsius
265 2621 484 2704 incremento,
499 2626 534 2692 et
547 2618 678 2692 illorum
692 2619 963 2693 christifidelium
976 2619 1066 2692 bono
1079 2620 1320 2707 consuleretur,

89 2732 141 2822 qni
164 2733 324 2806 Societati
349 2732 428 2805 huic
453 2731 609 2825 adscripti
625 2731 755 2804 modica
784 2731 935 2824 pecunia,
961 2733 1144 2825 paucisque
1161 2732 1322 2824 quotidia-

88 2845 135 2916 nis
166 2845 328 2940 precibus
354 2843 506 2936 eiusdem
538 2861 640 2937 scopo
669 2843 876 2918 landabiliter
908 2843 1090 2918 admodum
1124 2846 1348 2932 inserviunt.-

87 2955 140 3029 ll‘n
167 2964 346 3052 permotus
372 2957 609 3030 sanctissimus
634 2957 796 3029 Dominus
821 2957 939 3030 Noster
965 2959 1043 3030 Pius
1074 2959 1136 3030 PP.
1170 2961 1217 3031 iil
1242 2973 1337 3076 cume

87 3071 201 3163 etipse
218 3069 360 3144 eosdem
377 3068 616 3143 christifideles
633 3070 856 3161 peculiaribus
873 3069 1052 3153 lareribus,
1070 3075 1104 3140 et
1120 3065 1322 3162 gratiispro·

85 3184 185 3274 sequi,
204 3199 382 3274 nouasque
398 3181 634 3273 indulgentias,
651 3199 806 3273 nouaque
823 3181 994 3273 privilegia
1011 3180 1139 3253 eisdem
1158 3181 1320 3267 cunierre,

85 3311 238 3388 qnaeque
263 3295 333 3388 iam
359 3293 479 3367 alicubi
504 3294 700 3386 generaliter
724 3293 901 3366 universae
926 3292 1079 3366 societati
1106 3293 1236 3384 elargiri
1258 3299 1323 3366 sta·

84 3409 195 3498 tuerit3
223 3409 304 3480 binc
330 3405 560 3480 confirmando
586 3406 823 3498 indulgentias
849 3412 882 3479 et
906 3406 1077 3500 privilegia
1094 3425 1112 3477 a
1130 3405 1201 3479 suis
1220 3407 1323 3486 ,Prae-
1427 3491 1432 3504 ,

83 3517 318 3594 decessoribus
343 3537 514 3604 concessa,
540 3537 628 3611 quae
652 3526 765 3592 tamen
791 3520 824 3591 in
849 3520 915 3592 boc
931 3519 1143 3592 continentur
1168 3519 1321 3608 Decreta,

82 3633 241 3708 omnibus
257 3633 434 3725 cuiusque
450 3649 554 3706 senus
571 3629 849 3705 christifidelibus
874 3630 1022 3702 uniuersi
1039 3635 1202 3704 terrarum
1224 3630 1323 3704 Orbis

79 3745 151 3835 piac
177 3745 260 3818 buic
286 3744 517 3818 societatibus
534 3743 719 3836 adscriptis,
738 3744 864 3836 quique
885 3742 1162 3817 bebdomadalcm
1183 3743 1322 3816 obulum

80 3855 111 3928 in
137 3871 179 3930 ea
205 3856 332 3949 specie,
358 3871 420 3929 seu
444 3855 627 3948 quantitate
652 3856 862 3941 contulerint,
889 3873 976 3948 qnae
1000 3855 1145 3948 legitime
1175 3855 1324 3946 utrolibet

79 3967 150 4042 loco
176 3973 304 4044 statuta
328 3969 401 4054 erit,
426 3970 554 4061 quique
578 3987 684 4042 unum
709 3970 849 4062 iusuper
864 3970 980 4052 Peter,
1006 3968 1145 4049 acinco,
1163 3983 1240 4040 cum
1259 3967 1323 4041 blo

77 4081 292 4156 invocatione
320 4083 473 4156 «Sancte
498 4083 677 4155 manebus
702 4083 832 4155 Xeoerr'
849 4099 913 4154 orc
926 4099 993 4174 pro
1019 4079 1144 4152 cobis»
1173 4079 1323 4171 quobbet

79 4193 244 4268 idiomate
268 4191 418 4288 qnotidie
441 4195 660 4281 recitaverint,
678 4194 721 4268 de
737 4195 939 4286 benignitate
955 4192 1142 4285 Apostolioa
1167 4191 1323 4286 dignatus

80 4313 134 4381 cst
158 4307 197 4382 ln
228 4313 427 4402 perpetuum
453 4307 662 4394 coudmnare,
689 4315 722 4382 et
746 4306 930 4396 concedere
947 4305 1120 4398 sequentia
1144 4305 1323 4400 privilegia.
