<?xml version="1.0" encoding="UTF-8"?>
<!DOCTYPE html PUBLIC "-//W3C//DTD XHTML 1.0 Transitional//EN"
    "http://www.w3.org/TR/xhtml1/DTD/xhtml1-transitional.dtd">
<html xmlns="http://www.w3.org/1999/xhtml" xml:lang="en" lang="en">
 <head>
  <title>
</title>
<meta http-equiv="Content-Type" content="text/html;charset=utf-8" />
  <meta name='ocr-system' content='tesseract 3.04.00' />
  <meta name='ocr-capabilities' content='ocr_page ocr_carea ocr_par ocr_line ocrx_word'/>
</head>
<body>
  <div class='ocr_page' id='page_1' title='image "./resolutionesseu00pringoog_0399.png"; bbox 0 0 3134 4918; ppageno 0'>
   <div class='ocr_carea' id='block_1_1' title="bbox 765 358 983 424">
    <p class='ocr_par' dir='ltr' id='par_1_1' title="bbox 765 358 983 424">
     <span class='ocr_line' id='line_1_1' title="bbox 765 358 983 424; baseline 0.018 -6"><span class='ocrx_word' id='word_1_1' title='bbox 765 390 811 407; x_wconf 94' lang='lat'><em>-</em></span> <span class='ocrx_word' id='word_1_2' title='bbox 839 358 908 424; x_wconf 64' lang='lat' dir='ltr'><strong>:tila</strong></span> <span class='ocrx_word' id='word_1_3' title='bbox 938 389 983 406; x_wconf 89' lang='lat'><strong>-·</strong></span> 
     </span>
    </p>
   </div>
   <div class='ocr_carea' id='block_1_2' title="bbox 261 491 1538 3606">
    <p class='ocr_par' dir='ltr' id='par_1_2' title="bbox 261 491 1492 1600">
     <span class='ocr_line' id='line_1_2' title="bbox 262 491 1488 586; baseline 0 -19"><span class='ocrx_word' id='word_1_4' title='bbox 262 494 452 578; x_wconf 85' lang='lat' dir='ltr'><strong>Orationes,</strong></span> <span class='ocrx_word' id='word_1_5' title='bbox 477 509 541 566; x_wconf 87' lang='lat' dir='ltr'><strong>neo</strong></span> <span class='ocrx_word' id='word_1_6' title='bbox 565 511 633 565; x_wconf 93' lang='lat' dir='ltr'><strong>nou</strong></span> <span class='ocrx_word' id='word_1_7' title='bbox 658 493 712 586; x_wconf 89' lang='lat' dir='ltr'><strong>pia</strong></span> <span class='ocrx_word' id='word_1_8' title='bbox 737 494 846 586; x_wconf 88' lang='lat' dir='ltr'><strong>Opera</strong></span> <span class='ocrx_word' id='word_1_9' title='bbox 871 495 1049 585; x_wconf 80' lang='lat' dir='ltr'>praecipue</span> <span class='ocrx_word' id='word_1_10' title='bbox 1074 491 1145 574; x_wconf 93' lang='lat' dir='ltr'><strong>illa,</strong></span> <span class='ocrx_word' id='word_1_11' title='bbox 1171 491 1295 583; x_wconf 90' lang='lat' dir='ltr'><strong>quibus</strong></span> <span class='ocrx_word' id='word_1_12' title='bbox 1321 509 1366 566; x_wconf 83' lang='lat' dir='ltr'><strong>ex</strong></span> <span class='ocrx_word' id='word_1_13' title='bbox 1392 511 1488 585; x_wconf 92' lang='lat' dir='ltr'><strong>gene·</strong></span> 
     </span>
     <span class='ocr_line' id='line_1_3' title="bbox 263 604 1489 696; baseline -0.002 -16"><span class='ocrx_word' id='word_1_14' title='bbox 263 605 387 680; x_wconf 87' lang='lat' dir='ltr'><strong>ralihns</strong></span> <span class='ocrx_word' id='word_1_15' title='bbox 411 605 684 680; x_wconf 82' lang='lat' dir='ltr'><strong>eoncessionibus</strong></span> <span class='ocrx_word' id='word_1_16' title='bbox 709 607 925 680; x_wconf 85' lang='lat' dir='ltr'><strong>Summarum</strong></span> <span class='ocrx_word' id='word_1_17' title='bbox 951 605 1148 678; x_wconf 88' lang='lat' dir='ltr'><strong>Pontilleum</strong></span> <span class='ocrx_word' id='word_1_18' title='bbox 1165 604 1395 696; x_wconf 72' lang='lat' dir='ltr'><strong>Indulgentiae</strong></span> <span class='ocrx_word' id='word_1_19' title='bbox 1415 615 1489 679; x_wconf 92' lang='lat' dir='ltr'><strong>sunt</strong></span> 
     </span>
     <span class='ocr_line' id='line_1_4' title="bbox 263 716 1490 810; baseline -0.001 -19"><span class='ocrx_word' id='word_1_20' title='bbox 263 717 414 792; x_wconf 83' lang='lat' dir='ltr'><strong>adnexae</strong></span> <span class='ocrx_word' id='word_1_21' title='bbox 438 738 483 793; x_wconf 81' lang='lat' dir='ltr'><strong>en</strong></span> <span class='ocrx_word' id='word_1_22' title='bbox 507 719 578 792; x_wconf 90' lang='lat' dir='ltr'><strong>suls</strong></span> <span class='ocrx_word' id='word_1_23' title='bbox 603 719 771 810; x_wconf 91' lang='lat' dir='ltr'><strong>germanis</strong></span> <span class='ocrx_word' id='word_1_24' title='bbox 796 719 943 791; x_wconf 85' lang='lat' dir='ltr'><strong>lontibus</strong></span> <span class='ocrx_word' id='word_1_25' title='bbox 967 717 1108 791; x_wconf 87' lang='lat' dir='ltr'><strong>lideliter</strong></span> <span class='ocrx_word' id='word_1_26' title='bbox 1123 716 1242 790; x_wconf 88' lang='lat' dir='ltr'><strong>hausta</strong></span> <span class='ocrx_word' id='word_1_27' title='bbox 1259 725 1361 809; x_wconf 93' lang='lat' dir='ltr'><strong>atque</strong></span> <span class='ocrx_word' id='word_1_28' title='bbox 1378 717 1490 790; x_wconf 84' lang='lat' dir='ltr'><strong>ordine</strong></span> 
     </span>
     <span class='ocr_line' id='line_1_5' title="bbox 262 827 1489 922; baseline -0.002 -20"><span class='ocrx_word' id='word_1_29' title='bbox 262 827 391 922; x_wconf 82' lang='lat' dir='ltr'><strong>digesta</strong></span> <span class='ocrx_word' id='word_1_30' title='bbox 416 836 450 902; x_wconf 93' lang='lat' dir='ltr'><strong>et</strong></span> <span class='ocrx_word' id='word_1_31' title='bbox 474 831 573 903; x_wconf 91' lang='lat' dir='ltr'><strong>simul</strong></span> <span class='ocrx_word' id='word_1_32' title='bbox 598 830 733 902; x_wconf 86' lang='lat' dir='ltr'><strong>eolleota</strong></span> <span class='ocrx_word' id='word_1_33' title='bbox 759 830 793 900; x_wconf 94' lang='lat' dir='ltr'><strong>iu</strong></span> <span class='ocrx_word' id='word_1_34' title='bbox 819 829 939 920; x_wconf 90' lang='lat' dir='ltr'><strong>vulgus</strong></span> <span class='ocrx_word' id='word_1_35' title='bbox 964 828 1153 902; x_wconf 88' lang='lat' dir='ltr'><strong>ederentur.</strong></span> <span class='ocrx_word' id='word_1_36' title='bbox 1180 827 1218 900; x_wconf 93' lang='lat' dir='ltr'><strong>ld</strong></span> <span class='ocrx_word' id='word_1_37' title='bbox 1242 827 1336 920; x_wconf 94' lang='lat' dir='ltr'><strong>quud</strong></span> <span class='ocrx_word' id='word_1_38' title='bbox 1360 837 1434 902; x_wconf 90' lang='lat' dir='ltr'><strong>erat</strong></span> <span class='ocrx_word' id='word_1_39' title='bbox 1459 829 1489 900; x_wconf 93' lang='lat' dir='ltr'><strong>iu</strong></span> 
     </span>
     <span class='ocr_line' id='line_1_6' title="bbox 265 941 1491 1035; baseline -0.001 -22"><span class='ocrx_word' id='word_1_40' title='bbox 265 943 353 1018; x_wconf 88' lang='lat' dir='ltr'><strong>votis</strong></span> <span class='ocrx_word' id='word_1_41' title='bbox 385 942 615 1035; x_wconf 89' lang='lat' dir='ltr'><strong>superioribus</strong></span> <span class='ocrx_word' id='word_1_42' title='bbox 639 942 737 1014; x_wconf 91' lang='lat' dir='ltr'><strong>anuis</strong></span> <span class='ocrx_word' id='word_1_43' title='bbox 767 941 1088 1034; x_wconf 68' lang='lat' dir='ltr'><strong>pertentatura</strong></span> <span class='ocrx_word' id='word_1_44' title='bbox 1113 941 1171 1024; x_wconf 81' lang='lat' dir='ltr'><strong>iio,</strong></span> <span class='ocrx_word' id='word_1_45' title='bbox 1198 941 1255 1032; x_wconf 91' lang='lat' dir='ltr'><strong>qul</strong></span> <span class='ocrx_word' id='word_1_46' title='bbox 1281 959 1301 1013; x_wconf 91' lang='grc'><strong>3</strong></span> <span class='ocrx_word' id='word_1_47' title='bbox 1325 941 1491 1014; x_wconf 83' lang='lat' dir='ltr'><strong>consultis</strong></span> 
     </span>
     <span class='ocr_line' id='line_1_7' title="bbox 263 1051 1492 1148; baseline -0.002 -19"><span class='ocrx_word' id='word_1_48' title='bbox 263 1061 343 1129; x_wconf 89' lang='lat' dir='ltr'><strong>sunt</strong></span> <span class='ocrx_word' id='word_1_49' title='bbox 366 1053 544 1148; x_wconf 82' lang='lat' dir='ltr'><strong>praeelecti</strong></span> <span class='ocrx_word' id='word_1_50' title='bbox 569 1054 670 1146; x_wconf 87' lang='lat' dir='ltr'><strong>hujus</strong></span> <span class='ocrx_word' id='word_1_51' title='bbox 687 1054 760 1126; x_wconf 88' lang='lat' dir='ltr'><strong>Sao.</strong></span> <span class='ocrx_word' id='word_1_52' title='bbox 779 1053 1052 1146; x_wconf 83' lang='lat' dir='ltr'><strong>congregationis</strong></span> <span class='ocrx_word' id='word_1_53' title='bbox 1068 1051 1296 1144; x_wconf 86' lang='lat' dir='ltr'><strong>indulgentiis,</strong></span> <span class='ocrx_word' id='word_1_54' title='bbox 1315 1053 1492 1144; x_wconf 84' lang='lat' dir='ltr'><strong>sacrisque</strong></span> 
     </span>
     <span class='ocr_line' id='line_1_8' title="bbox 261 1165 1491 1260; baseline -0.003 -20"><span class='ocrx_word' id='word_1_55' title='bbox 261 1165 422 1259; x_wconf 70' lang='lat' dir='ltr'><strong>deliquiis</strong></span> <span class='ocrx_word' id='word_1_56' title='bbox 446 1166 664 1260; x_wconf 82' lang='lat' dir='ltr'><strong>praepositae.</strong></span> <span class='ocrx_word' id='word_1_57' title='bbox 691 1166 879 1239; x_wconf 82' lang='lat' dir='ltr'><strong>Praedictas</strong></span> <span class='ocrx_word' id='word_1_58' title='bbox 905 1166 994 1239; x_wconf 91' lang='lat' dir='ltr'><strong>enim</strong></span> <span class='ocrx_word' id='word_1_59' title='bbox 1020 1165 1212 1250; x_wconf 86' lang='lat' dir='ltr'><strong>Orationes,</strong></span> <span class='ocrx_word' id='word_1_60' title='bbox 1239 1183 1277 1237; x_wconf 90' lang='lat' dir='ltr'><strong>ae</strong></span> <span class='ocrx_word' id='word_1_61' title='bbox 1301 1165 1356 1257; x_wconf 89' lang='lat' dir='ltr'><strong>pie</strong></span> <span class='ocrx_word' id='word_1_62' title='bbox 1383 1165 1491 1259; x_wconf 90' lang='lat' dir='ltr'><strong>Opera</strong></span> 
     </span>
     <span class='ocr_line' id='line_1_9' title="bbox 262 1276 1492 1371; baseline -0.003 -17"><span class='ocrx_word' id='word_1_63' title='bbox 262 1280 428 1356; x_wconf 90' lang='lat' dir='ltr'><strong>inunum</strong></span> <span class='ocrx_word' id='word_1_64' title='bbox 453 1279 611 1354; x_wconf 85' lang='lat' dir='ltr'><strong>volumen</strong></span> <span class='ocrx_word' id='word_1_65' title='bbox 637 1286 790 1354; x_wconf 85' lang='lat' dir='ltr'><strong>aoeurate</strong></span> <span class='ocrx_word' id='word_1_66' title='bbox 813 1279 875 1353; x_wconf 92' lang='lat' dir='ltr'><strong>sed</strong></span> <span class='ocrx_word' id='word_1_67' title='bbox 900 1298 969 1352; x_wconf 93' lang='lat' dir='ltr'><strong>nou</strong></span> <span class='ocrx_word' id='word_1_68' title='bbox 993 1279 1059 1352; x_wconf 94' lang='lat' dir='ltr'><strong>levi</strong></span> <span class='ocrx_word' id='word_1_69' title='bbox 1084 1279 1198 1352; x_wconf 86' lang='lat' dir='ltr'><strong>labore</strong></span> <span class='ocrx_word' id='word_1_70' title='bbox 1223 1276 1361 1370; x_wconf 82' lang='lat' dir='ltr'><strong>redegit,</strong></span> <span class='ocrx_word' id='word_1_71' title='bbox 1388 1279 1492 1371; x_wconf 84' lang='lat' dir='ltr'><strong>iujun-</strong></span> 
     </span>
     <span class='ocr_line' id='line_1_10' title="bbox 263 1390 1492 1486; baseline -0.003 -20"><span class='ocrx_word' id='word_1_72' title='bbox 263 1399 334 1466; x_wconf 89' lang='lat' dir='ltr'><strong>etas</strong></span> <span class='ocrx_word' id='word_1_73' title='bbox 359 1391 585 1468; x_wconf 87' lang='lat' dir='ltr'><strong>eondietiuues</strong></span> <span class='ocrx_word' id='word_1_74' title='bbox 611 1411 672 1486; x_wconf 91' lang='lat' dir='ltr'><strong>pro</strong></span> <span class='ocrx_word' id='word_1_75' title='bbox 689 1393 772 1486; x_wconf 94' lang='lat' dir='ltr'><strong>ipsis</strong></span> <span class='ocrx_word' id='word_1_76' title='bbox 788 1391 1004 1484; x_wconf 89' lang='lat' dir='ltr'><strong>indulgentiis</strong></span> <span class='ocrx_word' id='word_1_77' title='bbox 1021 1390 1242 1483; x_wconf 87' lang='lat' dir='ltr'><strong>assequendis</strong></span> <span class='ocrx_word' id='word_1_78' title='bbox 1258 1392 1429 1484; x_wconf 82' lang='lat' dir='ltr'><strong>exposuit,</strong></span> <span class='ocrx_word' id='word_1_79' title='bbox 1446 1396 1492 1482; x_wconf 81' lang='lat' dir='ltr'><strong>tv·</strong></span> 
     </span>
     <span class='ocr_line' id='line_1_11' title="bbox 261 1504 1491 1600; baseline -0.003 -22"><span class='ocrx_word' id='word_1_80' title='bbox 261 1505 383 1600; x_wconf 90' lang='lat' dir='ltr'><strong>pisque</strong></span> <span class='ocrx_word' id='word_1_81' title='bbox 410 1507 541 1582; x_wconf 84' lang='lat' dir='ltr'><strong>Octauo</strong></span> <span class='ocrx_word' id='word_1_82' title='bbox 566 1507 639 1579; x_wconf 82' lang='lat' dir='ltr'><strong>elce</strong></span> <span class='ocrx_word' id='word_1_83' title='bbox 664 1507 830 1597; x_wconf 78' lang='lat' dir='ltr'><strong>evulgavit</strong></span> <span class='ocrx_word' id='word_1_84' title='bbox 846 1512 1014 1578; x_wconf 90' lang='lat' dir='ltr'><strong>annuente</strong></span> <span class='ocrx_word' id='word_1_85' title='bbox 1031 1505 1103 1598; x_wconf 91' lang='lat' dir='ltr'><strong>ipsa</strong></span> <span class='ocrx_word' id='word_1_86' title='bbox 1122 1505 1196 1578; x_wconf 85' lang='lat' dir='ltr'><strong>San.</strong></span> <span class='ocrx_word' id='word_1_87' title='bbox 1218 1504 1491 1597; x_wconf 81' lang='lat' dir='ltr'><strong>congregatione.</strong></span> 
     </span>
    </p>

    <p class='ocr_par' dir='ltr' id='par_1_3' title="bbox 262 1615 1538 3398">
     <span class='ocr_line' id='line_1_12' title="bbox 338 1615 1491 1710; baseline -0.003 -19"><span class='ocrx_word' id='word_1_88' title='bbox 338 1618 423 1691; x_wconf 87' lang='lat' dir='ltr'><strong>Gurn</strong></span> <span class='ocrx_word' id='word_1_89' title='bbox 449 1636 530 1690; x_wconf 90' lang='lat' dir='ltr'><strong>vero</strong></span> <span class='ocrx_word' id='word_1_90' title='bbox 555 1617 644 1692; x_wconf 90' lang='lat' dir='ltr'><strong>idem</strong></span> <span class='ocrx_word' id='word_1_91' title='bbox 671 1619 795 1691; x_wconf 86' lang='lat' dir='ltr'><strong>lluetur</strong></span> <span class='ocrx_word' id='word_1_92' title='bbox 819 1619 948 1692; x_wconf 91' lang='lat' dir='ltr'><strong>Nonam</strong></span> <span class='ocrx_word' id='word_1_93' title='bbox 973 1615 1167 1710; x_wconf 77' lang='lat' dir='ltr'><strong>huiusmodi</strong></span> <span class='ocrx_word' id='word_1_94' title='bbox 1195 1617 1406 1690; x_wconf 86' lang='lat' dir='ltr'><strong>Colleetiouis</strong></span> <span class='ocrx_word' id='word_1_95' title='bbox 1432 1617 1491 1688; x_wconf 84' lang='lat' dir='ltr'><strong>llo</strong></span> 
     </span>
     <span class='ocr_line' id='line_1_13' title="bbox 262 1728 1492 1823; baseline -0.001 -21"><span class='ocrx_word' id='word_1_96' title='bbox 262 1746 398 1804; x_wconf 83' lang='lat' dir='ltr'><strong>manain</strong></span> <span class='ocrx_word' id='word_1_97' title='bbox 423 1729 612 1802; x_wconf 85' lang='lat' dir='ltr'><strong>Editionem</strong></span> <span class='ocrx_word' id='word_1_98' title='bbox 638 1736 770 1802; x_wconf 73' lang='lat' dir='ltr'><strong>aueum</strong></span> <span class='ocrx_word' id='word_1_99' title='bbox 802 1730 904 1804; x_wconf 91' lang='lat' dir='ltr'><strong>modo</strong></span> <span class='ocrx_word' id='word_1_100' title='bbox 936 1731 1129 1823; x_wconf 90' lang='lat' dir='ltr'><strong>imprimere</strong></span> <span class='ocrx_word' id='word_1_101' title='bbox 1161 1728 1341 1812; x_wconf 82' lang='lat' dir='ltr'><strong>studuerit,</strong></span> <span class='ocrx_word' id='word_1_102' title='bbox 1368 1728 1492 1801; x_wconf 85' lang='lat' dir='ltr'><strong>Eadem</strong></span> 
     </span>
     <span class='ocr_line' id='line_1_14' title="bbox 262 1840 1492 1934; baseline -0.002 -20"><span class='ocrx_word' id='word_1_103' title='bbox 262 1841 336 1914; x_wconf 86' lang='lat' dir='ltr'><strong>Sao.</strong></span> <span class='ocrx_word' id='word_1_104' title='bbox 364 1841 583 1933; x_wconf 84' lang='lat' dir='ltr'><strong>congregatio</strong></span> <span class='ocrx_word' id='word_1_105' title='bbox 607 1840 858 1933; x_wconf 89' lang='lat' dir='ltr'><strong>praelaudatum</strong></span> <span class='ocrx_word' id='word_1_106' title='bbox 882 1859 969 1934; x_wconf 88' lang='lat' dir='ltr'><strong>opus</strong></span> <span class='ocrx_word' id='word_1_107' title='bbox 985 1841 1077 1915; x_wconf 86' lang='lat' dir='ltr'><strong>haud</strong></span> <span class='ocrx_word' id='word_1_108' title='bbox 1093 1842 1194 1916; x_wconf 86' lang='lat' dir='ltr'><strong>dubie</strong></span> <span class='ocrx_word' id='word_1_109' title='bbox 1215 1841 1357 1934; x_wconf 82' lang='lat' dir='ltr'><strong>perutile</strong></span> <span class='ocrx_word' id='word_1_110' title='bbox 1374 1842 1492 1914; x_wconf 90' lang='lat' dir='ltr'><strong>iterum</strong></span> 
     </span>
     <span class='ocr_line' id='line_1_15' title="bbox 262 1951 1492 2048; baseline 0 -23"><span class='ocrx_word' id='word_1_111' title='bbox 262 1952 392 2046; x_wconf 72' lang='lat' dir='ltr'><strong>probat,</strong></span> <span class='ocrx_word' id='word_1_112' title='bbox 419 1971 458 2025; x_wconf 90' lang='grc'><strong>33</strong></span> <span class='ocrx_word' id='word_1_113' title='bbox 483 1953 531 2026; x_wconf 96' lang='lat' dir='ltr'><strong>uti</strong></span> <span class='ocrx_word' id='word_1_114' title='bbox 556 1951 784 2028; x_wconf 82' lang='lat' dir='ltr'><strong>authenticum</strong></span> <span class='ocrx_word' id='word_1_115' title='bbox 808 1954 978 2046; x_wconf 82' lang='lat' dir='ltr'><strong>publicare</strong></span> <span class='ocrx_word' id='word_1_116' title='bbox 994 1973 1096 2048; x_wconf 90' lang='lat' dir='ltr'><strong>posse</strong></span> <span class='ocrx_word' id='word_1_117' title='bbox 1113 1961 1237 2027; x_wconf 89' lang='lat' dir='ltr'><strong>eenset.</strong></span> <span class='ocrx_word' id='word_1_118' title='bbox 1255 1955 1368 2030; x_wconf 83' lang='lat' dir='ltr'><strong>Monet</strong></span> <span class='ocrx_word' id='word_1_119' title='bbox 1383 1960 1492 2026; x_wconf 89' lang='lat' dir='ltr'><strong>tamen</strong></span> 
     </span>
     <span class='ocr_line' id='line_1_16' title="bbox 263 2063 1538 2158; baseline 0 -20"><span class='ocrx_word' id='word_1_120' title='bbox 263 2063 408 2157; x_wconf 94' lang='lat' dir='ltr'><strong>quodsi</strong></span> <span class='ocrx_word' id='word_1_121' title='bbox 434 2065 467 2137; x_wconf 95' lang='lat' dir='ltr'><strong>iu</strong></span> <span class='ocrx_word' id='word_1_122' title='bbox 494 2081 707 2156; x_wconf 86' lang='lat' dir='ltr'><strong>quarumque</strong></span> <span class='ocrx_word' id='word_1_123' title='bbox 732 2063 885 2156; x_wconf 86' lang='lat' dir='ltr'><strong>ejusdem</strong></span> <span class='ocrx_word' id='word_1_124' title='bbox 911 2067 1030 2158; x_wconf 88' lang='lat' dir='ltr'><strong>Operis</strong></span> <span class='ocrx_word' id='word_1_125' title='bbox 1058 2065 1221 2150; x_wconf 90' lang='lat' dir='ltr'><strong>editione,</strong></span> <span class='ocrx_word' id='word_1_126' title='bbox 1247 2083 1309 2138; x_wconf 91' lang='lat' dir='ltr'><strong>seu</strong></span> <span class='ocrx_word' id='word_1_127' title='bbox 1341 2067 1493 2139; x_wconf 90' lang='lat' dir='ltr'><strong>versione</strong></span> <span class='ocrx_word' id='word_1_128' title='bbox 1535 2117 1538 2120; x_wconf 89' lang='lat'>-</span> 
     </span>
     <span class='ocr_line' id='line_1_17' title="bbox 263 2175 1492 2270; baseline -0.002 -19"><span class='ocrx_word' id='word_1_129' title='bbox 263 2179 505 2270; x_wconf 82' lang='lat' dir='ltr'><strong>cujuscumque</strong></span> <span class='ocrx_word' id='word_1_130' title='bbox 531 2175 696 2250; x_wconf 88' lang='lat' dir='ltr'><strong>idiomatis</strong></span> <span class='ocrx_word' id='word_1_131' title='bbox 721 2183 789 2249; x_wconf 90' lang='lat' dir='ltr'><strong>tam</strong></span> <span class='ocrx_word' id='word_1_132' title='bbox 814 2177 849 2250; x_wconf 93' lang='lat' dir='ltr'><strong>in</strong></span> <span class='ocrx_word' id='word_1_133' title='bbox 876 2178 980 2263; x_wconf 85' lang='lat' dir='ltr'><strong>Urbe,</strong></span> <span class='ocrx_word' id='word_1_134' title='bbox 1007 2197 1110 2270; x_wconf 92' lang='lat' dir='ltr'><strong>quam</strong></span> <span class='ocrx_word' id='word_1_135' title='bbox 1144 2183 1239 2250; x_wconf 81' lang='lat' dir='ltr'><strong>extra</strong></span> <span class='ocrx_word' id='word_1_136' title='bbox 1264 2183 1418 2264; x_wconf 85' lang='lat' dir='ltr'><strong>exarata,</strong></span> <span class='ocrx_word' id='word_1_137' title='bbox 1444 2178 1492 2251; x_wconf 90' lang='lat' dir='ltr'><strong>vel</strong></span> 
     </span>
     <span class='ocr_line' id='line_1_18' title="bbox 264 2288 1492 2382; baseline -0.002 -18"><span class='ocrx_word' id='word_1_138' title='bbox 264 2308 351 2382; x_wconf 88' lang='lat' dir='ltr'><strong>quae</strong></span> <span class='ocrx_word' id='word_1_139' title='bbox 376 2289 506 2364; x_wconf 82' lang='lat' dir='ltr'><strong>exarari</strong></span> <span class='ocrx_word' id='word_1_140' title='bbox 532 2289 710 2382; x_wconf 87' lang='lat' dir='ltr'><strong>contingat,</strong></span> <span class='ocrx_word' id='word_1_141' title='bbox 738 2288 878 2362; x_wconf 86' lang='lat' dir='ltr'><strong>dubium</strong></span> <span class='ocrx_word' id='word_1_142' title='bbox 904 2290 1040 2382; x_wconf 85' lang='lat' dir='ltr'><strong>aliquod</strong></span> <span class='ocrx_word' id='word_1_143' title='bbox 1060 2290 1206 2365; x_wconf 89' lang='lat' dir='ltr'><strong>subinde</strong></span> <span class='ocrx_word' id='word_1_144' title='bbox 1223 2293 1408 2377; x_wconf 86' lang='lat' dir='ltr'><strong>emerserit,</strong></span> <span class='ocrx_word' id='word_1_145' title='bbox 1426 2293 1492 2366; x_wconf 92' lang='lat' dir='ltr'><strong>sive</strong></span> 
     </span>
     <span class='ocr_line' id='line_1_19' title="bbox 264 2401 1491 2499; baseline 0 -23"><span class='ocrx_word' id='word_1_146' title='bbox 264 2401 376 2495; x_wconf 90' lang='lat' dir='ltr'><strong>quoad</strong></span> <span class='ocrx_word' id='word_1_147' title='bbox 399 2401 681 2495; x_wconf 87' lang='lat' dir='ltr'><strong>indulgentiarum</strong></span> <span class='ocrx_word' id='word_1_148' title='bbox 698 2403 943 2486; x_wconf 79' lang='lat' dir='ltr'><strong>eoncessiones,</strong></span> <span class='ocrx_word' id='word_1_149' title='bbox 962 2404 1033 2477; x_wconf 89' lang='lat' dir='ltr'><strong>sive</strong></span> <span class='ocrx_word' id='word_1_150' title='bbox 1050 2403 1162 2496; x_wconf 94' lang='lat' dir='ltr'><strong>quoad</strong></span> <span class='ocrx_word' id='word_1_151' title='bbox 1178 2405 1401 2499; x_wconf 85' lang='lat' dir='ltr'><strong>praescriptas</strong></span> <span class='ocrx_word' id='word_1_152' title='bbox 1419 2422 1491 2478; x_wconf 87' lang='lat' dir='ltr'><strong>eon·</strong></span> 
     </span>
     <span class='ocr_line' id='line_1_20' title="bbox 263 2513 1491 2610; baseline 0.002 -22"><span class='ocrx_word' id='word_1_153' title='bbox 263 2513 424 2590; x_wconf 82' lang='lat' dir='ltr'><strong>dictiones</strong></span> <span class='ocrx_word' id='word_1_154' title='bbox 449 2513 689 2608; x_wconf 89' lang='lat' dir='ltr'><strong>adimpleudas‚</strong></span> <span class='ocrx_word' id='word_1_155' title='bbox 715 2514 759 2587; x_wconf 89' lang='lat' dir='ltr'><strong>ad</strong></span> <span class='ocrx_word' id='word_1_156' title='bbox 785 2523 989 2609; x_wconf 86' lang='lat' dir='ltr'><strong>postremam</strong></span> <span class='ocrx_word' id='word_1_157' title='bbox 1015 2517 1101 2589; x_wconf 91' lang='lat' dir='ltr'><strong>hano</strong></span> <span class='ocrx_word' id='word_1_158' title='bbox 1126 2516 1308 2590; x_wconf 89' lang='lat' dir='ltr'><strong>editionem·</strong></span> <span class='ocrx_word' id='word_1_159' title='bbox 1332 2519 1420 2610; x_wconf 77' lang='lat' dir='ltr'><strong>typis</strong></span> <span class='ocrx_word' id='word_1_160' title='bbox 1437 2519 1491 2590; x_wconf 92' lang='lat' dir='ltr'><strong>lli·</strong></span> 
     </span>
     <span class='ocr_line' id='line_1_21' title="bbox 264 2627 1491 2722; baseline -0.001 -20"><span class='ocrx_word' id='word_1_161' title='bbox 264 2628 388 2702; x_wconf 85' lang='lat' dir='ltr'><strong>olraelis</strong></span> <span class='ocrx_word' id='word_1_162' title='bbox 413 2627 700 2719; x_wconf 81' lang='lat' dir='ltr'><strong>Perage-salviani</strong></span> <span class='ocrx_word' id='word_1_163' title='bbox 725 2629 875 2719; x_wconf 90' lang='lat' dir='ltr'><strong>guaviter</strong></span> <span class='ocrx_word' id='word_1_164' title='bbox 900 2647 1071 2712; x_wconf 82' lang='lat' dir='ltr'><strong>excusam,</strong></span> <span class='ocrx_word' id='word_1_165' title='bbox 1090 2636 1123 2703; x_wconf 87' lang='lat' dir='ltr'><strong>et</strong></span> <span class='ocrx_word' id='word_1_166' title='bbox 1139 2629 1174 2702; x_wconf 94' lang='lat' dir='ltr'><strong>iu</strong></span> <span class='ocrx_word' id='word_1_167' title='bbox 1191 2630 1296 2722; x_wconf 88' lang='lat' dir='ltr'><strong>ipsius</strong></span> <span class='ocrx_word' id='word_1_168' title='bbox 1314 2631 1388 2704; x_wconf 89' lang='lat' dir='ltr'><strong>Sao.</strong></span> <span class='ocrx_word' id='word_1_169' title='bbox 1410 2630 1491 2704; x_wconf 88' lang='lat' dir='ltr'><strong>Con·</strong></span> 
     </span>
     <span class='ocr_line' id='line_1_22' title="bbox 265 2739 1490 2836; baseline 0.003 -24"><span class='ocrx_word' id='word_1_170' title='bbox 265 2739 465 2833; x_wconf 87' lang='lat' dir='ltr'><strong>gregationis</strong></span> <span class='ocrx_word' id='word_1_171' title='bbox 490 2739 672 2812; x_wconf 81' lang='lat' dir='ltr'><strong>secretaria</strong></span> <span class='ocrx_word' id='word_1_172' title='bbox 698 2746 900 2814; x_wconf 86' lang='lat' dir='ltr'><strong>asservatam</strong></span> <span class='ocrx_word' id='word_1_173' title='bbox 931 2759 1088 2815; x_wconf 82' lang='lat' dir='ltr'><strong>recursus</strong></span> <span class='ocrx_word' id='word_1_174' title='bbox 1121 2741 1306 2832; x_wconf 80' lang='lat' dir='ltr'><strong>habeatur3</strong></span> <span class='ocrx_word' id='word_1_175' title='bbox 1332 2762 1371 2816; x_wconf 89' lang='grc'><strong>33</strong></span> <span class='ocrx_word' id='word_1_176' title='bbox 1399 2761 1490 2836; x_wconf 88' lang='lat' dir='ltr'><strong>prae·</strong></span> 
     </span>
     <span class='ocr_line' id='line_1_23' title="bbox 265 2851 1490 2949; baseline 0.002 -23"><span class='ocrx_word' id='word_1_177' title='bbox 265 2861 356 2926; x_wconf 89' lang='lat' dir='ltr'><strong>terea</strong></span> <span class='ocrx_word' id='word_1_178' title='bbox 388 2869 547 2944; x_wconf 90' lang='lat' dir='ltr'><strong>praesens</strong></span> <span class='ocrx_word' id='word_1_179' title='bbox 580 2851 750 2926; x_wconf 83' lang='lat' dir='ltr'><strong>decretum</strong></span> <span class='ocrx_word' id='word_1_180' title='bbox 783 2860 821 2926; x_wconf 89' lang='lat' dir='ltr'><strong>ut</strong></span> <span class='ocrx_word' id='word_1_181' title='bbox 853 2854 1010 2927; x_wconf 88' lang='lat' dir='ltr'><strong>omnihus</strong></span> <span class='ocrx_word' id='word_1_182' title='bbox 1040 2853 1317 2929; x_wconf 83' lang='lat' dir='ltr'><strong>christifidelibus</strong></span> <span class='ocrx_word' id='word_1_183' title='bbox 1342 2856 1490 2949; x_wconf 86' lang='lat' dir='ltr'><strong>pateliat,</strong></span> 
     </span>
     <span class='ocr_line' id='line_1_24' title="bbox 263 2963 1487 3059; baseline 0.001 -23"><span class='ocrx_word' id='word_1_184' title='bbox 263 2964 352 3056; x_wconf 83' lang='lat' dir='ltr'><strong>typis</strong></span> <span class='ocrx_word' id='word_1_185' title='bbox 377 2963 500 3056; x_wconf 87' lang='lat' dir='ltr'><strong>pariter</strong></span> <span class='ocrx_word' id='word_1_186' title='bbox 524 2971 596 3038; x_wconf 90' lang='lat' dir='ltr'><strong>tum</strong></span> <span class='ocrx_word' id='word_1_187' title='bbox 621 2965 710 3050; x_wconf 90' lang='lat' dir='ltr'><strong>itala,</strong></span> <span class='ocrx_word' id='word_1_188' title='bbox 728 2983 806 3038; x_wconf 88' lang='lat' dir='ltr'><strong>eum</strong></span> <span class='ocrx_word' id='word_1_189' title='bbox 824 2966 938 3038; x_wconf 85' lang='lat' dir='ltr'><strong>Latina</strong></span> <span class='ocrx_word' id='word_1_190' title='bbox 960 2965 1073 3058; x_wconf 92' lang='lat' dir='ltr'><strong>lingua</strong></span> <span class='ocrx_word' id='word_1_191' title='bbox 1090 2967 1293 3059; x_wconf 88' lang='lat' dir='ltr'><strong>impressum</strong></span> <span class='ocrx_word' id='word_1_192' title='bbox 1310 2966 1354 3039; x_wconf 92' lang='lat' dir='ltr'><strong>ad</strong></span> <span class='ocrx_word' id='word_1_193' title='bbox 1369 2967 1487 3041; x_wconf 85' lang='lat' dir='ltr'><strong>calcem</strong></span> 
     </span>
     <span class='ocr_line' id='line_1_25' title="bbox 265 3075 1267 3172; baseline 0.002 -22"><span class='ocrx_word' id='word_1_194' title='bbox 265 3083 469 3150; x_wconf 88' lang='lat' dir='ltr'><strong>memoratae</strong></span> <span class='ocrx_word' id='word_1_195' title='bbox 494 3075 648 3151; x_wconf 91' lang='lat' dir='ltr'><strong>editionis</strong></span> <span class='ocrx_word' id='word_1_196' title='bbox 673 3079 796 3172; x_wconf 88' lang='lat' dir='ltr'><strong>epponi</strong></span> <span class='ocrx_word' id='word_1_197' title='bbox 821 3077 957 3152; x_wconf 89' lang='lat' dir='ltr'><strong>mandat</strong></span> <span class='ocrx_word' id='word_1_198' title='bbox 982 3086 1082 3170; x_wconf 91' lang='lat' dir='ltr'><strong>atque</strong></span> <span class='ocrx_word' id='word_1_199' title='bbox 1107 3077 1267 3152; x_wconf 78' lang='lat' dir='ltr'><strong>deceruit.</strong></span> 
     </span>
     <span class='ocr_line' id='line_1_26' title="bbox 276 3191 1486 3284; baseline -0.001 -22"><span class='ocrx_word' id='word_1_200' title='bbox 276 3198 278 3204; x_wconf 83' lang='lat'>&#39;</span> <span class='ocrx_word' id='word_1_201' title='bbox 338 3191 457 3263; x_wconf 85' lang='lat' dir='ltr'><strong>Datum</strong></span> <span class='ocrx_word' id='word_1_202' title='bbox 483 3192 610 3264; x_wconf 81' lang='lat' dir='ltr'><strong>Romae</strong></span> <span class='ocrx_word' id='word_1_203' title='bbox 633 3209 675 3264; x_wconf 84' lang='lat' dir='ltr'><strong>er</strong></span> <span class='ocrx_word' id='word_1_204' title='bbox 694 3193 766 3264; x_wconf 89' lang='lat' dir='ltr'><strong>Sao.</strong></span> <span class='ocrx_word' id='word_1_205' title='bbox 786 3191 1058 3284; x_wconf 74' lang='lat' dir='ltr'><strong>congregationis</strong></span> <span class='ocrx_word' id='word_1_206' title='bbox 1074 3191 1358 3284; x_wconf 89' lang='lat' dir='ltr'><strong>indulgentiarum</strong></span> <span class='ocrx_word' id='word_1_207' title='bbox 1379 3211 1416 3266; x_wconf 88' lang='lat' dir='ltr'><strong>ao</strong></span> <span class='ocrx_word' id='word_1_208' title='bbox 1430 3191 1486 3262; x_wconf 90' lang='lat' dir='ltr'><strong>Sa·</strong></span> 
     </span>
     <span class='ocr_line' id='line_1_27' title="bbox 266 3303 1377 3398; baseline 0 -20"><span class='ocrx_word' id='word_1_209' title='bbox 266 3321 397 3378; x_wconf 88' lang='lat' dir='ltr'><strong>orarum</strong></span> <span class='ocrx_word' id='word_1_210' title='bbox 423 3304 649 3398; x_wconf 90' lang='lat' dir='ltr'><strong>lleliquiarum</strong></span> <span class='ocrx_word' id='word_1_211' title='bbox 674 3305 856 3380; x_wconf 84' lang='lat' dir='ltr'><strong>secretaria</strong></span> <span class='ocrx_word' id='word_1_212' title='bbox 882 3303 936 3378; x_wconf 95' lang='lat' dir='ltr'><strong>die</strong></span> <span class='ocrx_word' id='word_1_213' title='bbox 963 3309 1009 3376; x_wconf 87' lang='lat'><strong>30</strong></span> <span class='ocrx_word' id='word_1_214' title='bbox 1034 3305 1243 3398; x_wconf 89' lang='lat' dir='ltr'><strong>Septembris</strong></span> <span class='ocrx_word' id='word_1_215' title='bbox 1272 3309 1377 3378; x_wconf 83' lang='lat' dir='ltr'><strong>l837.</strong></span> 
     </span>
    </p>

    <p class='ocr_par' dir='ltr' id='par_1_4' title="bbox 881 3416 1434 3606">
     <span class='ocr_line' id='line_1_28' title="bbox 881 3416 1434 3491; baseline 0.002 -2"><span class='ocrx_word' id='word_1_216' title='bbox 881 3416 917 3490; x_wconf 85' lang='lat' dir='ltr'><strong>C.</strong></span> <span class='ocrx_word' id='word_1_217' title='bbox 944 3416 1046 3490; x_wconf 54' lang='lat' dir='ltr'><strong>Crluu.</strong></span> <span class='ocrx_word' id='word_1_218' title='bbox 1074 3416 1291 3491; x_wconf 76' lang='grc'><strong>0333333333</strong></span> <span class='ocrx_word' id='word_1_219' title='bbox 1316 3419 1434 3490; x_wconf 78' lang='lat' dir='ltr'><strong>Peleu.</strong></span> 
     </span>
     <span class='ocr_line' id='line_1_29' title="bbox 903 3529 1403 3606; baseline 0.002 -3"><span class='ocrx_word' id='word_1_220' title='bbox 903 3530 946 3604; x_wconf 87' lang='lat' dir='ltr'><strong>H.</strong></span> <span class='ocrx_word' id='word_1_221' title='bbox 967 3531 1109 3604; x_wconf 85' lang='lat' dir='ltr'><strong>Ginonsi</strong></span> <span class='ocrx_word' id='word_1_222' title='bbox 1126 3532 1159 3605; x_wconf 89' lang='lat' dir='ltr'><strong>S.</strong></span> <span class='ocrx_word' id='word_1_223' title='bbox 1180 3529 1215 3604; x_wconf 86' lang='lat' dir='ltr'><strong>C.</strong></span> <span class='ocrx_word' id='word_1_224' title='bbox 1234 3531 1262 3604; x_wconf 89' lang='lat' dir='ltr'><strong>i.</strong></span> <span class='ocrx_word' id='word_1_225' title='bbox 1282 3531 1403 3606; x_wconf 82' lang='lat' dir='ltr'><strong>Serrei.</strong></span> 
     </span>
    </p>
   </div>
   <div class='ocr_carea' id='block_1_3' title="bbox 779 3729 975 3800">
    <p class='ocr_par' dir='ltr' id='par_1_5' title="bbox 779 3729 975 3800">
     <span class='ocr_line' id='line_1_30' title="bbox 779 3729 975 3800; baseline 0 0"><span class='ocrx_word' id='word_1_226' title='bbox 779 3729 975 3800; x_wconf 78' lang='lat' dir='ltr'><strong>cuuxvlll</strong></span> 
     </span>
    </p>
   </div>
   <div class='ocr_carea' id='block_1_4' title="bbox 707 3873 1053 3928">
    <p class='ocr_par' dir='ltr' id='par_1_6' title="bbox 707 3873 1053 3928">
     <span class='ocr_line' id='line_1_31' title="bbox 707 3873 1053 3928; baseline 0 -2"><span class='ocrx_word' id='word_1_227' title='bbox 707 3873 826 3928; x_wconf 83' lang='lat' dir='ltr'><strong>dunis</strong></span> <span class='ocrx_word' id='word_1_228' title='bbox 859 3875 906 3927; x_wconf 80' lang='grc' dir='ltr'><strong>ΕΤ</strong></span> <span class='ocrx_word' id='word_1_229' title='bbox 937 3873 1053 3926; x_wconf 80' lang='lat' dir='ltr'><strong>dunis</strong></span> 
     </span>
    </p>
   </div>
   <div class='ocr_carea' id='block_1_5' title="bbox 266 3977 1479 4397">
    <p class='ocr_par' dir='ltr' id='par_1_7' title="bbox 266 3977 1479 4397">
     <span class='ocr_line' id='line_1_32' title="bbox 340 3977 1479 4072; baseline -0.004 -20"><span class='ocrx_word' id='word_1_230' title='bbox 340 3977 574 4054; x_wconf 79' lang='lat' dir='ltr'><strong>sanctissimus</strong></span> <span class='ocrx_word' id='word_1_231' title='bbox 599 3979 761 4052; x_wconf 88' lang='lat' dir='ltr'><strong>Dominus</strong></span> <span class='ocrx_word' id='word_1_232' title='bbox 777 3981 897 4054; x_wconf 89' lang='lat' dir='ltr'><strong>Noster</strong></span> <span class='ocrx_word' id='word_1_233' title='bbox 914 3979 1095 4072; x_wconf 86' lang='lat' dir='ltr'><strong>Gregorius</strong></span> <span class='ocrx_word' id='word_1_234' title='bbox 1112 3979 1173 4052; x_wconf 88' lang='lat' dir='ltr'><strong>PP.</strong></span> <span class='ocrx_word' id='word_1_235' title='bbox 1192 3979 1268 4053; x_wconf 87' lang='lat' dir='ltr'><strong>XVI</strong></span> <span class='ocrx_word' id='word_1_236' title='bbox 1285 3980 1417 4054; x_wconf 87' lang='lat' dir='ltr'><strong>attentis</strong></span> <span class='ocrx_word' id='word_1_237' title='bbox 1431 3993 1479 4050; x_wconf 84' lang='lat' dir='ltr'><strong>en·</strong></span> 
     </span>
     <span class='ocr_line' id='line_1_33' title="bbox 266 4086 1479 4185; baseline 0.001 -24"><span class='ocrx_word' id='word_1_238' title='bbox 266 4089 383 4182; x_wconf 90' lang='lat' dir='ltr'><strong>pusilis</strong></span> <span class='ocrx_word' id='word_1_239' title='bbox 401 4091 566 4166; x_wconf 91' lang='lat' dir='ltr'><strong>universis</strong></span> <span class='ocrx_word' id='word_1_240' title='bbox 580 4098 613 4166; x_wconf 90' lang='lat' dir='ltr'><strong>et</strong></span> <span class='ocrx_word' id='word_1_241' title='bbox 625 4093 764 4185; x_wconf 88' lang='lat' dir='ltr'><strong>siugulis</strong></span> <span class='ocrx_word' id='word_1_242' title='bbox 781 4095 958 4185; x_wconf 89' lang='lat' dir='ltr'><strong>utriusque</strong></span> <span class='ocrx_word' id='word_1_243' title='bbox 971 4111 1077 4167; x_wconf 83' lang='lat' dir='ltr'><strong>senus</strong></span> <span class='ocrx_word' id='word_1_244' title='bbox 1090 4090 1379 4179; x_wconf 77' lang='lat' dir='ltr'><strong>christifidelibus,</strong></span> <span class='ocrx_word' id='word_1_245' title='bbox 1393 4086 1479 4166; x_wconf 86' lang='lat' dir='ltr'><strong>eorde</strong></span> 
     </span>
     <span class='ocr_line' id='line_1_34' title="bbox 266 4197 1478 4297; baseline 0.001 -25"><span class='ocrx_word' id='word_1_246' title='bbox 266 4197 384 4272; x_wconf 88' lang='lat' dir='ltr'><strong>saltem</strong></span> <span class='ocrx_word' id='word_1_247' title='bbox 409 4203 549 4276; x_wconf 82' lang='lat' dir='ltr'><strong>eontdto</strong></span> <span class='ocrx_word' id='word_1_248' title='bbox 574 4221 612 4276; x_wconf 90' lang='lat' dir='ltr'><strong>ao</strong></span> <span class='ocrx_word' id='word_1_249' title='bbox 637 4203 757 4278; x_wconf 88' lang='lat' dir='ltr'><strong>devote</strong></span> <span class='ocrx_word' id='word_1_250' title='bbox 781 4211 979 4297; x_wconf 88' lang='lat' dir='ltr'><strong>sequentem</strong></span> <span class='ocrx_word' id='word_1_251' title='bbox 1013 4206 1177 4279; x_wconf 83' lang='lat' dir='ltr'><strong>Coronam</strong></span> <span class='ocrx_word' id='word_1_252' title='bbox 1208 4206 1385 4280; x_wconf 89' lang='lat' dir='ltr'><strong>Stellarum</strong></span> <span class='ocrx_word' id='word_1_253' title='bbox 1408 4202 1478 4277; x_wconf 92' lang='lat' dir='ltr'><strong>duo·</strong></span> 
     </span>
     <span class='ocr_line' id='line_1_35' title="bbox 268 4309 1478 4397; baseline 0.002 -12"><span class='ocrx_word' id='word_1_254' title='bbox 268 4309 376 4389; x_wconf 84' lang='lat' dir='ltr'><strong>decim</strong></span> <span class='ocrx_word' id='word_1_255' title='bbox 400 4313 435 4392; x_wconf 95' lang='lat' dir='ltr'><strong>in</strong></span> <span class='ocrx_word' id='word_1_256' title='bbox 460 4313 622 4394; x_wconf 89' lang='lat' dir='ltr'><strong>honorem</strong></span> <span class='ocrx_word' id='word_1_257' title='bbox 647 4317 682 4392; x_wconf 87' lang='lat' dir='ltr'><strong>n.</strong></span> <span class='ocrx_word' id='word_1_258' title='bbox 709 4319 751 4395; x_wconf 90' lang='lat' dir='ltr'><strong>ll.</strong></span> <span class='ocrx_word' id='word_1_259' title='bbox 778 4319 818 4392; x_wconf 91' lang='lat' dir='ltr'><strong>V.</strong></span> <span class='ocrx_word' id='word_1_260' title='bbox 844 4319 1060 4397; x_wconf 86' lang='lat' dir='ltr'><strong>recitantibus</strong></span> <span class='ocrx_word' id='word_1_261' title='bbox 1085 4325 1219 4395; x_wconf 90' lang='lat' dir='ltr'><strong>oeuturu</strong></span> <span class='ocrx_word' id='word_1_262' title='bbox 1237 4317 1369 4396; x_wconf 90' lang='lat' dir='ltr'><strong>dierum</strong></span> <span class='ocrx_word' id='word_1_263' title='bbox 1385 4312 1478 4396; x_wconf 87' lang='lat' dir='ltr'><strong>ludnl</strong></span> 
     </span>
    </p>
   </div>
   <div class='ocr_carea' id='block_1_6' title="bbox 0 0 1577 4918">
    <p class='ocr_par' dir='ltr' id='par_1_8' title="bbox 0 0 1577 4918">
     <span class='ocr_line' id='line_1_36' title="bbox 0 0 1577 4918; baseline 0 0"><span class='ocrx_word' id='word_1_264' title='bbox 0 0 1577 4918; x_wconf 95' lang='lat' dir='ltr'><strong> </strong></span> 
     </span>
    </p>
   </div>
  </div>
 </body>
</html>
