3214 4928
778 363 971 430 ...12-

338 503 386 575 lte
411 501 464 574 bis
496 505 609 594 anum
640 499 724 572 lacta
755 497 914 573 relatione
946 497 988 570 ad
1020 499 1273 572 sanctissimum
1306 499 1487 574 bominum

264 617 422 690 Nostrum
438 613 494 689 die
513 618 557 686 18
574 611 680 688 llarlii
699 615 805 698 1677,
831 611 1038 687 Sententiam
1055 613 1129 684 Sac.
1144 611 1417 704 congegationts
1429 631 1487 706 ap·

264 725 427 829 probavit.
1029 723 1065 797 C.
1092 723 1196 797 Cano.
1222 725 1386 800 bianum.

905 835 1053 911 Micboci
1077 837 1225 931 Angelus
1254 837 1388 912 dicolos
1414 840 1485 914 Sec.

831 1034 918 1108 xit.

335 1179 482 1273 Exponit
490 1193 599 1272 nuper
607 1179 680 1251 Sat.
690 1176 945 1268 congregationi
952 1175 1235 1269 indulgentiarum
1242 1177 1489 1269 sacrarumque

262 1291 490 1384 Reliquiarum
515 1292 712 1364 Procurator
732 1289 903 1364 Generalis
921 1287 1054 1363 Ordinis
1083 1290 1237 1364 Fratrum
1261 1290 1486 1374 Minimorum,

261 1404 460 1497 Gregorium
484 1403 560 1475 Xlll
584 1403 620 1475 in
644 1407 847 1494 perpetuum
867 1401 1075 1474 concessisse
1096 1403 1224 1475 cunctis
1241 1402 1417 1494 utriusque
1432 1419 1487 1475 se·

261 1535 328 1590 rus
350 1512 641 1598 Chrisdfidelibns,
668 1514 728 1604 qni
753 1511 808 1585 die
832 1512 932 1586 Festo
948 1514 982 1584 S.
1001 1513 1167 1588 Francisci
1183 1513 1226 1588 de
1249 1514 1351 1589 Paula
1374 1514 1489 1588 Eccle-

261 1629 329 1702 sias
354 1626 488 1701 Ordinis
514 1626 717 1700 visitaverint
733 1624 976 1718 indulgentiam
1001 1626 1210 1715 Plenariam;
1236 1625 1299 1700 sed
1322 1626 1488 1700 Locorum

262 1739 454 1816 ordinarios
486 1738 683 1822 nonnullos,
718 1736 810 1830 quod
839 1755 913 1811 eam
940 1757 960 1810 a
984 1739 1019 1810 S.
1045 1740 1089 1813 bl.
1116 1738 1219 1812 Paulo
1243 1737 1274 1812 V
1299 1743 1489 1812 revocatam

261 1853 366 1928 luisse
391 1851 591 1924 arbitrantur
615 1851 651 1922 in
675 1850 783 1933 Brevi,
811 1849 904 1942 quod
930 1850 1044 1942 incipit
1081 1850 1285 1924 :Romanus
1301 1851 1489 1944 Pontifex»

261 1966 335 2059 ejus
360 1962 617 2056 publicationem
630 1959 817 2054 impedire;
844 1960 989 2053 ideoque
1009 1962 1082 2034 Sac.
1097 1961 1396 2054 congregationem
1409 1981 1490 2055 sup

262 2075 395 2171 plicavit
419 2079 457 2147 ut
481 2075 621 2147 Decreta
637 2090 701 2145 suo
718 2072 959 2146 dubitationem
976 2091 1112 2147 omnem
1128 2072 1243 2146 tollere
1260 2073 1376 2164 vellet;
1394 2074 1489 2159 Quae

262 2187 418 2263 attentius
435 2204 471 2259 re
489 2186 679 2260 examinata
694 2184 839 2258 declarat
855 2186 958 2260 verba
982 2186 1070 2258 illins
1095 2185 1219 2259 decreti
1243 2184 1382 2258 minime
1399 2204 1490 2260 com-

262 2299 472 2396 prehendere
495 2298 722 2390 indulgentias
739 2316 827 2391 quae
843 2297 1121 2372 Cbristiddellbus
1137 2297 1351 2390 Regularinm
1375 2299 1489 2374 Eccle-

263 2413 347 2489 siam
373 2411 582 2485 visitantibus
607 2428 787 2486 concessae
812 2417 901 2484 sunt.

335 2526 457 2601 Datum
481 2524 606 2600 Rornae
631 2523 686 2600 die
715 2530 730 2596 1
760 2524 931 2597 Februarii
960 2528 1065 2596 1678.

858 2633 1007 2709 Micltccl
1031 2635 1181 2727 Angelus
1205 2635 1339 2710 illectus
1364 2637 1486 2710 secret

811 2777 928 2906 'xvn

336 2977 472 3053 belatae
485 2977 620 3071 saepius
632 2975 725 3050 luere
738 2974 782 3048 ad
793 2975 867 3048 Sao.
881 2975 1046 3068 congreg.
1063 2974 1280 3070 indulgentiis
1312 2977 1491 3070 sacrisque

263 3089 426 3183 ttelqmis
450 3090 674 3186 praepositam
699 3086 927 3180 indulgentiae
940 3088 1106 3179 quaedam
1123 3090 1285 3164 confictae
1303 3095 1337 3164 et
1352 3090 1490 3164 omnino

263 3203 376 3290 talsao
403 3221 492 3294 quae
514 3219 577 3294 per
603 3199 752 3275 diversas
778 3201 876 3274 Orbis
902 3200 1081 3274 Christiani
1106 3208 1218 3294 parles
1250 3201 1491 3278 circumierun-

263 3323 337 3407 tur;
362 3315 445 3388 aliae
461 3331 542 3387 vero
559 3311 812 3396 examinandae,
830 3333 918 3406 quae
935 3311 1083 3389 adbibita
1100 3314 1211 3388 studio
1227 3315 1384 3390 inventae
1400 3321 1490 3400 sunt,

263 3428 317 3501 vel
342 3427 565 3520 apocryphae,
591 3426 646 3499 vel
670 3445 690 3498 a
714 3426 874 3500 Romanis
900 3427 1118 3502 Pontificibus
1142 3433 1327 3511 revocatae,
1346 3427 1399 3500 vel
1415 3430 1490 3500 nul-

264 3540 327 3623 lae,
354 3535 446 3631 quud
459 3535 575 3611 datum
601 3537 650 3611 eis
676 3543 809 3631 tempus
834 3539 1077 3631 praeteriissot;
1097 3556 1239 3629 quarum
1256 3538 1393 3631 quidem
1415 3540 1489 3632 plu·

263 3651 379 3736 rimae,
397 3667 475 3724 cum
491 3668 561 3723 non
577 3649 707 3724 lacilem
720 3651 944 3742 cognitionem
956 3649 1101 3724 babeant
1116 3649 1357 3725 Christilldeles
1370 3650 1490 3726 barum

263 3781 378 3837 rerum
403 3763 513 3835 minos
539 3763 664 3856 peritos
688 3763 815 3844 fallunt,
842 3761 901 3853 qni
925 3779 989 3854 spe
1013 3761 1241 3854 indulgentiae
1265 3764 1489 3856 remissionis·

265 3894 334 3969 que
356 3883 571 3968 peccatorum
587 3893 728 3950 suornm
744 3873 1003 3965 consequendae
1023 3875 1242 3948 frustrantur:
1269 3877 1490 3968 quamobrem

265 3986 384 4063 eadem
410 3987 484 4061 Sao.
510 3987 730 4079 congregatio
743 3985 960 4058 vehementer
973 3986 1112 4080 cupiens
1132 3987 1211 4061 hnic
1227 3987 1315 4060 malo
1331 3987 1438 4078 magis
1454 3987 1490 4060 in

266 4099 339 4174 dies
365 4100 512 4195 serpenti
539 4115 725 4181 occurrere,
752 4097 938 4170 animarum
962 4098 1124 4192 prolectui
1149 4105 1182 4172 et
1206 4098 1490 4190 lndtrlgentiarum

266 4210 416 4304 dignitati
443 4211 629 4296 consulere,
655 4209 770 4304 plures
796 4211 925 4286 illarum
951 4212 1109 4308 singulari
1135 4211 1303 4306 diligentia
1323 4211 1431 4304 colligi
1456 4219 1490 4285 et

265 4321 474 4399 inludicem
499 4321 615 4402 reterri
642 4323 780 4399 curavit.
