3130 4920
557 365 773 430 -273-

93 501 244 574 iminium
266 500 299 572 S.
326 500 651 593 sedisapostolicae
676 499 894 572 beneficentia
910 498 1134 592 infrascriptas
1160 503 1272 578 ludul-

91 613 199 703 puna,
224 631 260 686 ac
282 614 469 705 spiritualia
493 613 662 705 priuilegia
687 610 868 684 identidem
894 609 1094 701 obtinuisse3
1111 613 1274 691 uidelicet.

142 725 178 797 l.⁰
198 726 396 818 indulgentia
421 726 569 799 Plenaria
593 726 629 797 in
654 723 772 797 diebus
797 724 889 796 iestis
915 724 949 796 S.
973 725 1120 810 Ursulae,
1147 728 1182 800 S.
1206 728 1275 804 du·

89 837 191 926 gustirti,
215 856 251 911 ac
275 840 310 910 S.
334 839 469 932 losephi
495 840 531 910 B.
556 838 600 912 ll.
627 837 667 908 V.
694 836 830 927 Sponsi;
859 853 922 908 nec
945 854 1012 908 non
1029 847 1158 932 sepiem
1176 857 1278 914 auno-

88 967 140 1020 nn
161 950 359 1042 nidumque
383 949 671 1042 quadragenarum
696 949 731 1020 in
757 966 879 1020 novem
905 948 1024 1022 diebus
1055 953 1278 1044 apparationis
1342 951 1345 958 “

88 1067 141 1134 anto
160 1061 275 1138 iustum
292 1062 443 1154 ejusdem
459 1062 493 1133 S.
511 1061 657 1154 losephi‚
675 1061 781 1134 semel
797 1060 832 1132 in
849 1061 903 1132 die
919 1059 1078 1136 lucranda
1095 1083 1157 1158 pro
1174 1067 1280 1139 omni·

86 1175 130 1246 lm
150 1177 315 1267 utriusque
330 1195 435 1249 sexus
455 1173 730 1248 Chrisdlidelihus
748 1191 826 1246 uere
842 1175 1088 1266 poenitentibus
1105 1178 1278 1264 ramessia,
1340 1239 1343 1248 .

85 1305 111 1358 ac
129 1289 156 1360 S.
178 1289 419 1362 communione
443 1288 584 1371 relectis,
612 1288 669 1380 qui
695 1286 814 1360 devote
831 1287 866 1360 in
883 1287 1040 1362 Ecclesiis
1058 1289 1209 1382 ejusdem
1224 1293 1279 1365 ln·

82 1401 160 1474 uuo
181 1403 345 1477 oraverint
367 1403 463 1493 juxta
487 1405 634 1474 mentem
660 1400 850 1474 sanctitatis
867 1400 955 1474 Suae
967 1419 1028 1493 per
1044 1401 1179 1495 aliquod
1194 1410 1278 1478 lctu-

81 1513 148 1604 poris
172 1516 325 1608 spatium.

132 1627 180 1698 ll.⁰
209 1628 418 1719 indulgentia
454 1626 576 1718 paritor
613 1625 762 1699 Plenaria
799 1627 832 1698 in
871 1633 1002 1718 septem
1038 1625 1280 1720 principalibus

79 1736 103 1808 l.
121 1739 158 1811 ll
180 1739 220 1812 ll.
244 1739 490 1821 festivitatibus,
516 1738 668 1811 videlicet
684 1738 719 1810 in
736 1739 809 1828 ejus
833 1738 1068 1832 conceptione,
1092 1740 1279 1826 Nativitate,

78 1849 327 1936 inosculatione,
353 1850 627 1934 Annunciatione
654 1850 858 1934 visitatione,
886 1851 1129 1937 Purificatione‚
1155 1860 1188 1927 et
1213 1853 1276 1928 us-

76 1963 237 2054 sumptione
262 1982 325 2057 pro
350 1963 546 2038 Monialmus
572 1968 606 2034 et
629 1961 663 2034 in
688 1979 804 2034 earum
821 1963 1032 2038 llonasteriis
1057 1964 1112 2038 vel
1127 1963 1281 2057 Collegiis

77 2071 249 2166 menibus
274 2083 442 2169 utsupra
466 2073 635 2168 dispositis
661 2081 694 2148 et
719 2075 900 2148 orantibus.

128 2189 192 2261 lll.⁰
215 2188 381 2262 llamdem
407 2189 498 2260 Pleu.
525 2187 656 2278 ludulg.
683 2188 789 2260 semel
813 2188 848 2260 in
873 2207 972 2273 anno,
998 2189 1133 2280 mando
1158 2207 1282 2283 nempe
1368 2233 1372 2242 ,

72 2315 118 2388 per
137 2306 206 2374 octo
238 2299 416 2373 condnuos
449 2298 521 2371 dies
547 2298 666 2372 eadem
698 2299 875 2382 llonialeS,
902 2317 940 2371 ac
970 2297 1141 2390 degentes
1171 2299 1281 2392 dispo

72 2410 134 2484 sitae
154 2419 190 2486 ut
214 2431 320 2505 supra
346 2411 388 2484 de
413 2411 545 2484 tinentia
570 2409 735 2483 ordinarii
768 2411 958 2504 peregerint
989 2410 1155 2486 Exercitia
1179 2409 1281 2504 Spiri-

70 2523 147 2596 nala
169 2525 281 2618 spatio
305 2523 470 2597 dictorum
495 2523 626 2598 diemm
651 2524 756 2598 semel
781 2522 985 2596 lucrandam.

124 2639 190 2710 ΝΡ
214 2637 368 2712 Similem
392 2637 565 2728 indulgen.
592 2637 683 2712 Pleu.
710 2637 746 2709 in
776 2636 830 2709 die
862 2656 929 2729 qua
961 2633 1280 2730 quinquagesimum

70 2747 226 2842 leig’onis
255 2769 381 2824 anuum
413 2750 581 2842 quaelibet
613 2768 656 2823 es
688 2749 887 2825 llouialihus
918 2756 956 2824 ut
987 2769 1090 2844 supra
1121 2749 1281 2844 disposita

70 2863 276 2954 onptererit.

124 2975 178 3048 vl
204 2977 335 3048 Omnes
360 2980 394 3048 et
418 2975 566 3067 singulas
591 2973 817 3066 indulgentias
841 2975 947 3050 semel
970 2976 1003 3048 iu
1021 2993 1138 3050 mense
1153 2975 1283 3050 lucran-

67 3081 122 3170 das,
146 3105 232 3179 quas
258 3087 418 3161 Moniales
443 3094 476 3161 et
509 3086 668 3178 degentes
701 3093 762 3162 etc.
797 3094 1084 3179 consequerentur
1115 3086 1281 3160 visitando

68 3201 268 3286 pusmaliter
292 3207 422 3293 septem
447 3200 569 3272 Aturia
594 3201 629 3274 in
651 3219 766 3273 earum
786 3201 943 3273 Ecclesiis
960 3217 1021 3272 seu
1038 3199 1123 3272 iutra
1139 3198 1282 3272 claustra

66 3309 225 3388 er'stemia
251 3318 286 3385 et
310 3313 353 3386 ab
378 3311 551 3384 Ordinerio
577 3313 682 3386 semel
707 3318 835 3385 tantum
861 3309 1075 3404 designanda.

123 3422 193 3496 ill.⁰
214 3423 424 3515 indulgentia
440 3431 569 3517 septem
587 3443 751 3497 annorum
768 3422 974 3515 totidemque
991 3421 1281 3516 quadragenamm

65 3549 129 3606 som
140 3554 365 3629 unaquaeqne
379 3555 422 3608 eu
434 3535 611 3630 praedictis
624 3537 695 3610 sive
710 3535 908 3611 ilionialihus
920 3536 991 3608 siue
1005 3534 1203 3628 degentibus
1217 3539 1279 3606 etc.

64 3661 116 3734 oet
137 3647 311 3724 dimidium
342 3648 446 3721 horae
477 3657 553 3722 anto
585 3649 839 3722 sanctissimum
870 3647 1097 3722 Eucharistiae
1128 3645 1281 3740 publicae

65 3755 263 3835 larendani
287 3763 323 3835 in
348 3779 464 3836 earum
488 3761 645 3834 Ecclesiis
670 3760 713 3834 de
737 3761 868 3834 licentia
900 3759 1065 3834 Ordinarii
1090 3758 1280 3852 expositum

65 3867 127 3958 pias
150 3873 325 3948 adituum
349 3890 468 3967 preces
493 3872 679 3946 elluderint.

127 3984 212 4057 llll.⁰
235 3985 443 4079 indulgentia
458 3986 512 4060 bis
528 3992 663 4060 centum
681 3983 811 4060 dierum
835 3987 879 4059 ab
899 3983 1019 4058 iisdem
1035 3983 1133 4058 toties
1148 3982 1279 4057 lucran-

65 4089 133 4167 dam
157 4100 286 4188 quoties
310 4101 346 4172 in
370 4098 506 4192 proprio
531 4098 693 4184 Claustro,
720 4098 792 4171 sire
816 4098 851 4170 in
876 4095 1041 4190 cappellis
1065 4094 1201 4190 privatis
1225 4095 1279 4168 li·

65 4207 161 4282 huus
184 4211 217 4284 Β.
243 4213 286 4290 lt
312 4212 353 4286 V.
381 4211 481 4288 corde
505 4212 624 4286 saltem
649 4211 790 4287 contrito
815 4209 1034 4286 recitaverint.

181 4438 221 4506 {8
