3164 4926
779 300 997 368 -lse-

266 441 382 515 fluant.
401 439 450 512 lio
467 437 591 530 quibus
615 436 702 508 facta
725 451 786 528 per
802 451 858 508 me
874 431 1122 526 infrascriptum
1139 432 1245 526 ipsius
1262 433 1337 506 sac.
1353 433 1511 526 congre·

266 550 409 645 gationis
434 549 656 624 secretarium
683 547 901 621 sanctissimo
926 545 1068 619 Domino
1093 545 1253 619 relatione
1279 545 1334 619 die
1354 549 1397 617 lu
1415 547 1514 638 ejus·

267 664 347 737 dem
371 663 511 748 mensis,
537 661 701 736 Sanctitas
726 661 794 734 Sua
819 660 945 732 Votum
970 659 1043 732 saa.
1067 657 1340 751 congregationis
1356 657 1513 752 benigne

267 775 473 871 approbavit.

783 885 841 958 Fa.
867 885 896 956 J.
923 883 1027 956 curn.
1054 882 1319 956 Porroaannnnc
1345 885 1471 956 Peuce.

706 1015 709 1026 ·
748 997 789 1070 Α.
815 997 862 1074 Μ.
888 996 984 1071 Erba
1008 997 1103 1070 Prot.
1129 996 1343 1090 apostaticus
1370 997 1500 1069 secret.

830 1193 937 1267 CCIII.

747 1340 839 1394 uanis
864 1341 906 1392 ΕΤ
932 1340 1025 1394 ORDIS

343 1449 385 1520 Ui
410 1443 524 1522 debito
547 1445 687 1538 jugique
712 1445 804 1520 cultu
826 1446 953 1538 ubique
978 1454 1142 1521 terrarum
1167 1443 1422 1518 Sanctissimnm
1438 1445 1515 1518 Eu·

266 1559 442 1634 charistiae
472 1559 723 1632 Sacramentum
754 1557 992 1634 christifideles
1013 1564 1262 1642 venerarentur,
1287 1575 1513 1650 summopere

265 1689 401 1764 semper
426 1668 596 1762 exoptavit
618 1668 809 1761 Apostolica
833 1671 956 1759 sedes;
984 1677 1187 1764 quapropter
1212 1669 1326 1754 volrdt,
1351 1676 1389 1742 ut
1417 1668 1512 1742 con-

266 1781 487 1856 fraternitates
513 1780 720 1854 sanctissimi
738 1783 943 1856 sacramenti
959 1783 1085 1874 ubique
1110 1788 1275 1855 terrarum
1293 1781 1326 1852 in
1344 1798 1513 1872 quaeum-

267 1912 336 1986 que
359 1892 510 1966 Ecclesia
536 1893 719 1965 Parochiali
744 1895 826 1985 erigi
852 1900 1008 1986 possent;
1034 1893 1195 1986 quinimo,
1222 1899 1260 1965 ut
1283 1892 1414 1966 Fideles
1438 1893 1512 1985 ipsi

267 2005 311 2079 ad
328 2005 522 2098 hujusmodi
538 2006 749 2080 devotionem
767 2007 1017 2101 propagandam
1035 2009 1254 2092 allicerentur,
1276 2007 1511 2100 spiritualibus

264 2119 377 2211 gratiis
403 2119 541 2193 easdem
567 2118 858 2193 confraternitates
885 2120 1075 2194 cumulavit.
1102 2121 1239 2204 Verum,
1268 2121 1422 2212 quamvis
1442 2119 1507 2194 de-

265 2238 356 2304 creto
381 2232 455 2304 sac.
482 2232 758 2324 congregationis
774 2231 1003 2324 indulgentiis.
1030 2233 1208 2324 sacrisque
1232 2232 1392 2324 Reliquis
1409 2252 1511 2325 prac-

265 2343 393 2436 positae
418 2343 483 2417 sub
509 2343 563 2416 die
591 2349 635 2414 23
663 2344 788 2437 Aprilis
825 2349 918 2416 {676
945 2345 1034 2418 edito
1060 2351 1093 2418 at
1118 2364 1136 2415 a
1161 2345 1246 2417 ilen.
1276 2346 1376 2418 Mem.
1403 2347 1508 2418 lnno-

265 2455 373 2528 centio
399 2453 445 2526 Xl
470 2455 536 2526 sub
562 2455 617 2528 die
637 2455 747 2547 prima
772 2456 924 2529 Octobris
946 2461 1040 2527 ldis
1068 2475 1127 2548 per
1144 2456 1372 2548 apostolicum
1397 2458 1509 2530 Breve

265 2566 499 2640 confirmatum
532 2567 696 2638 sancitum
719 2567 788 2658 jam
815 2567 922 2653 fuerit,
949 2573 986 2639 ut
1012 2585 1227 2659 quocumque
1253 2569 1287 2640 in
1312 2570 1401 2641 loeo
1418 2569 1510 2643 con-

266 2679 485 2752 fraternitates
499 2678 706 2750 sanctissimi
723 2679 950 2753 Eucharistiae
967 2681 1173 2753 sacramenti
1191 2680 1349 2753 canonica
1362 2680 1510 2754 fuissent

267 2797 413 2874 erectae,
440 2789 634 2883 hujusmodi
668 2790 960 2864 confraternitates
993 2792 1122 2882 absque
1152 2793 1219 2864 ulla
1251 2792 1507 2885 aggregatione,

266 2902 372 2974 aliove
398 2907 472 2974 actu
498 2900 690 2976 immediate
722 2902 868 2994 gaudere
893 2902 1110 2994 indulgentiis
1142 2905 1507 2980 drclriconfraternitati

266 3011 418 3104 ejusdem
436 3013 642 3086 sanctissimi
663 3014 868 3086 sacramenti
885 3013 919 3085 in
935 3013 1084 3088 Ecclesia
1101 3015 1136 3087 s.
1154 3015 1276 3089 Mariae
1294 3015 1337 3088 de
1353 3017 1508 3090 Minerva

265 3123 364 3196 Urbis
390 3126 546 3198 existenti
572 3125 752 3209 concessis,
771 3132 804 3197 et
820 3125 1055 3198 concedendis
1083 3127 1239 3199 Attamen
1262 3145 1339 3200 cum
1358 3127 1399 3201 ab
1417 3128 1508 3220 Ipsa·

265 3238 500 3329 metallisque
525 3238 949 3312 Arabiconfraternitatibus
974 3239 1180 3312 sanctissimi
1207 3239 1330 3333 pariter
1345 3240 1507 3314 Euchari-

265 3350 349 3424 stiae
375 3350 580 3425 sacramenti
607 3348 809 3442 aggregandi
834 3350 987 3424 laenitate
1004 3350 1133 3424 eisdem
1149 3352 1191 3424 ab
1207 3351 1395 3443 Apostolica
1414 3353 1509 3426 Sede

265 3480 426 3536 concessa
447 3462 517 3554 jam
541 3461 740 3547 fruentibus,
764 3463 879 3556 plures
906 3464 1006 3537 etiam
1031 3482 1092 3557 pro
1108 3481 1186 3549 una,
1213 3462 1400 3556 eademqne
1418 3466 1509 3539 civi-

265 3579 343 3659 tate,
370 3572 502 3668 Oppido
519 3574 573 3648 vel
589 3574 677 3647 Loco
694 3576 945 3667 aggregationes
966 3575 1093 3667 passim
1119 3574 1350 3668 expediantur,
1368 3595 1411 3649 ex
1431 3579 1508 3669 qui·

264 3685 330 3759 bus
352 3685 462 3778 jurgia
486 3685 626 3779 pariter,
653 3693 687 3760 et
712 3687 934 3761 dissentiones
959 3705 1029 3760 uon
1054 3693 1183 3759 anurm
1207 3687 1318 3763 timeri
1346 3699 1508 3783 possunt,

266 3796 329 3871 sad
345 3805 435 3870 ortas
449 3796 518 3890 iam
535 3816 611 3873 esse
632 3799 783 3874 nonnulli
800 3805 981 3887 testantem
998 3797 1074 3872 iden
1091 3798 1314 3892 supplicatum
1330 3799 1393 3874 fuit
1407 3821 1510 3894 prae

267 3907 375 3982 dicim
400 3909 474 3984 sac.
501 3909 754 4003 congregationi
779 3909 996 4002 lndrdgeutiis
1018 3909 1196 4001 sacrisque
1221 3911 1382 4002 Reliquiis
1408 3933 1510 4005 prae·

265 4019 394 4114 positae
410 4041 471 4116 pro
496 4023 718 4098 declaratione
743 4024 826 4096 «Aa
849 4023 1131 4116 deprecationes,
1150 4041 1239 4114 qaae
1262 4023 1350 4116 fiant
1375 4024 1419 4098 ab
1438 4027 1509 4098 dr-

266 4131 660 4229 elricoasruterattatibas
683 4137 923 4212 sancitasimae
936 4134 1175 4211 Eucharistiae
1194 4137 1410 4209 sacramenti
1420 4145 1507 4230 post

268 4249 447 4323 Decretum
475 4245 604 4324 editura
628 4249 673 4324 ab
699 4251 776 4344 ipsa
810 4252 886 4327 soc.
915 4249 1187 4344 congregatione
1211 4265 1305 4324 cauo
1341 4251 1437 4322 lttltt
1470 4257 1508 4326 et
