3214 4928
776 343 982 411 -ll-.

257 477 409 552 truantur
434 479 624 552 nonsolum
637 477 806 552 Ecclesiae
831 495 916 568 quas
942 479 975 550 in
1000 479 1167 571 praesenti
1191 479 1260 569 jam
1285 475 1420 564 babent
1435 494 1506 560 ve·⁴

258 611 334 664 rum
360 592 459 666 etiam
485 593 566 666 aliae
591 611 727 678 omnes,
752 609 838 684 quas
862 592 897 663 in
930 599 1103 685 posterum
1135 591 1225 666 Ordo
1254 591 1495 666 Sanctissimae

258 704 424 777 Trinitatis
449 705 699 798 Redemptionis
725 705 938 798 Captivorum
964 706 1124 797 acquiret.

330 817 451 893 Datum
476 818 602 891 Romae
628 823 673 890 29
700 818 776 893 tulii
805 822 911 891 l727.

877 929 915 1002 L.
941 929 1044 1002 Cano.
1073 931 1168 1002 Prous
1194 928 1316 1000 Pauus.
1493 1007 1496 1014 ,

706 1040 864 1135 Ropbool
891 1044 1030 1116 Cosmus
1055 1039 1097 1116 dc
1122 1041 1337 1134 Hieronymis
1363 1041 1490 1114 Socrm

825 1239 923 1312 LXII.

327 1377 460 1452 Litteris
487 1377 521 1452 in
546 1379 653 1454 torma
678 1379 792 1454 Brevis
819 1379 981 1455 emanatis
1006 1379 1062 1454 die
1089 1385 1133 1454 lt
1161 1377 1367 1473 Septembris
1396 1382 1491 1451 stat

253 1491 490 1566 sanctissimus
527 1494 691 1566 Dominus
728 1494 847 1567 Noster
884 1492 1084 1566 Benedictus
1117 1494 1207 1585 Papa
1231 1493 1308 1564 Xlll
1333 1491 1493 1565 omnibus

253 1604 430 1696 utriusque
454 1623 558 1681 sexus
584 1605 862 1680 Gbristilidelibus
888 1605 931 1678 ad
955 1607 1103 1680 sonitum
1126 1605 1316 1699 Campanae
1348 1623 1493 1678 consue-

252 1724 304 1791 tas
329 1735 448 1810 preces
485 1719 662 1812 «Aequius
687 1719 829 1790 Domini
854 1718 1028 1792 ooctioot't
1052 1718 1188 1792 Mariae
1215 1722 1247 1790 ot
1272 1718 1423 1809 concepit
1448 1716 1494 1790 de

257 1828 388 1921 Spiritu
415 1818 560 1904 Scorto:
586 1833 672 1904 Ecce
697 1830 828 1904 ancillo
852 1831 993 1904 Domini
1017 1830 1081 1924 tot
1104 1829 1190 1904 mitri
1214 1828 1399 1904 secondom
1418 1848 1496 1902 ner-

254 1941 333 2014 ium
360 1945 479 2030 tnom;
504 1944 548 2016 Et
572 1943 713 2018 umbem
741 1943 831 2017 Coro
857 1943 987 2036 [actum
1005 1947 1102 2016 estet
1120 1942 1490 2018 iobttnoitirccobis»

253 2059 287 2128 et
311 2060 362 2128 ter
388 2053 627 2129 Salutationem
652 2055 846 2146 Angebcam
862 2056 961 2127 llexis
977 2055 1120 2146 genibus
1145 2055 1361 2128 recitantibus
1387 2055 1495 2128 semel

252 2166 288 2240 iu
313 2185 432 2241 mense
456 2165 511 2240 die
537 2167 578 2242 ab
600 2185 807 2258 unoquoquo
824 2165 988 2258 eligendo,
1006 2167 1035 2240 si
1052 2167 1207 2253 confessi,
1225 2174 1259 2242 et
1275 2168 1375 2240 Saura
1391 2168 1493 2240 Com·

251 2279 412 2353 munione
432 2279 546 2354 relecti
569 2279 702 2363 luerint,
721 2285 755 2353 et
769 2299 832 2373 pro
850 2279 1113 2354 eluistiauorum
1138 2280 1326 2373 principum
1353 2298 1493 2354 concor·

252 2390 317 2478 dia,
344 2392 521 2466 haeresum
548 2392 779 2485 extirpatioue,
806 2411 844 2466 ac
869 2393 1011 2468 Sanctae
1037 2393 1151 2468 ltlatris
1175 2393 1344 2468 Ecclesiae
1370 2393 1494 2466 exalta-

251 2504 343 2578 tione
368 2505 545 2588 oraverint,
572 2505 756 2578 Plenariam
781 2505 1025 2598 indulgentiam
1043 2506 1219 2580 coacessit.
1242 2505 1391 2596 Reliquis
1411 2523 1494 2578 vero

252 2616 371 2692 diebus
396 2617 584 2710 praedictas
603 2635 722 2710 preces
737 2624 776 2692 ut
792 2636 894 2711 supra
911 2619 1127 2692 recitantibus
1148 2617 1391 2710 indulgentiam
1416 2635 1495 2691 oen·

252 2735 323 2802 tum
350 2727 492 2802 dierum.

326 2839 410 2928 Quia
435 2859 516 2915 vero
542 2841 713 2916 Sanctitati
738 2860 821 2917 suae
846 2842 1037 2936 expositum
1063 2841 1134 2927 luit,
1157 2841 1251 2934 quod
1267 2859 1368 2937 saepe
1384 2843 1496 2936 Regu·

251 2953 352 3039 lares,
370 2953 493 3044 aliique
505 2953 539 3026 in
553 2954 716 3048 religiosis
740 2954 903 3028 Domibus
920 2960 1168 3028 commorantes
1184 2973 1226 3029 eo
1243 2961 1405 3049 tempore,
1423 2974 1495 3047 quo

251 3084 369 3151 mane,
396 3067 552 3153 meridie,
587 3073 644 3141 aut
673 3085 815 3161 vespere
840 3067 1030 3160 Campanae
1054 3068 1249 3160 pulsantur,
1288 3066 1495 3158 quibusdam

251 3179 437 3254 actionibus
454 3179 498 3253 ad
516 3181 715 3273 Regularum
733 3180 981 3253 observantiam
1007 3181 1235 3274 spectantibus
1252 3178 1442 3254 detinentur
1458 3187 1496 3254 et

250 3293 314 3366 bae
330 3311 433 3367 cansa
458 3293 595 3367 easdem
609 3311 726 3386 proces
752 3294 892 3368 recitare
908 3299 989 3368 tuno
1006 3295 1168 3387 temporis
1188 3294 1326 3367 minime
1350 3301 1496 3387 possunt

251 3423 291 3478 ac
305 3405 440 3479 insimul
456 3405 680 3498 praelatorum
706 3406 843 3480 nomine
868 3406 1054 3480 humillime
1066 3406 1290 3500 supplicatum
1304 3404 1376 3488 luit,
1394 3411 1432 3478 ut
1448 3424 1496 3479 ex

252 3515 462 3610 Apostolicae
487 3516 585 3590 Sedis
614 3518 864 3612 dispensatione
889 3517 1075 3612 praedictas
1108 3535 1226 3610 preces
1252 3516 1316 3590 alio
1341 3523 1496 3610 tempora

252 3626 423 3704 recitando
449 3627 585 3702 easdem
612 3629 839 3724 indulgentias
864 3631 983 3706 lucrari
1009 3630 1151 3704 valeant.

324 3739 405 3814 ldeo
431 3740 670 3816 sanctissimus
695 3745 860 3818 Dominus
884 3744 1005 3818 Noster
1030 3741 1142 3817 audito
1158 3741 1245 3814 iloto
1263 3741 1384 3816 Sacrae
1409 3741 1497 3816 Con·

252 3851 454 3944 gregationis
479 3852 698 3946 indulgentiis
724 3857 904 3946 sacrisque
928 3853 1089 3945 Reliquiis
1110 3853 1330 3947 praepositae,
1348 3855 1498 3948 benigue

251 3963 406 4050 indulsit,
443 3971 482 4040 ut
518 3967 699 4060 degustares
733 3987 870 4052 omnes,
897 3967 1037 4059 aliique,
1062 3967 1099 4039 in
1124 3966 1298 4058 Religiosis
1331 3967 1497 4042 Domibus

253 4085 517 4166 commorantes,
551 4080 580 4153 si
613 4080 713 4165 dum,
740 4088 923 4172 utsupra,
950 4097 1132 4172 campanae
1156 4079 1333 4173 pulsantur
1358 4079 1498 4170 aliquod

253 4207 340 4284 opus
366 4197 535 4278 exercent,
562 4192 655 4286 quod
679 4193 723 4267 ad
747 4193 946 4286 Regularem
973 4192 1220 4266 observantiam
1244 4191 1418 4286 pertineat,
1444 4193 1498 4264 ni-

254 4301 436 4382 bilominus
460 4311 767 4400 supramemoratas
792 4305 1020 4400 indulgentias
1045 4306 1219 4398 anquirere
1243 4305 1374 4399 possint
1398 4306 1496 4380 dum·
