3134 4918
572 340 789 407 -lrii't'-

619 544 746 617 DXLV.

567 743 801 816 porussos.

143 923 309 1016 Superior
326 921 510 997 Semiaorii
529 923 562 994 S.
579 923 673 995 Petri
692 921 847 994 Civitatis
862 918 1083 993 Rutleaeasis
1103 920 1299 1013 expostulat

82 1039 194 1110 oSoe.
222 1037 348 1128 Coapr.
375 1055 422 1108 aa
446 1033 623 1109 talutium
647 1033 880 1125 Apostolloam
897 1031 990 1123 quael
1005 1033 1175 1126 speafieat
1200 1052 1299 1124 quas·

82 1147 153 1222 lom
175 1147 411 1241 ladaipeotios
435 1145 574 1220 widem
600 1145 787 1235 sodalitati
812 1164 994 1228 aaaoeuos,
1016 1144 1180 1218 excludat
1204 1147 1298 1219 olias

81 1259 303 1352 loiulpeatios
319 1277 388 1332 aaa
404 1259 613 1352 specificatus
629 1259 667 1330 ia
677 1258 839 1352 praelato
854 1256 1002 1341 lodullo,
1017 1275 1166 1354 quorum
1183 1261 1303 1331 tornea

81 1370 272 1446 ooatioaeat
295 1370 427 1464 [eoiuat
450 1371 607 1445 marulli
637 1371 800 1446 tortores
834 1369 875 1441 lle
907 1368 1131 1462 laaalaeotiis
1158 1375 1297 1464 pertra-
1395 1450 1402 1464 ,

83 1484 226 1554 aeota?
694 1515 696 1524 =

144 1593 216 1666 See.
243 1592 461 1686 congregatio
478 1592 650 1687 respondit
674 1592 861 1668 «Suadam
887 1612 963 1669 esse
980 1595 1091 1668 verbis
1108 1594 1239 1680 laetula,
1257 1613 1301 1669 ex

83 1723 150 1798 quo,
174 1707 205 1780 si
227 1707 318 1780 nulla
334 1708 377 1779 sit
393 1724 554 1800 expresse
572 1707 726 1791 conditio,
744 1705 836 1781 uerbi
854 1707 957 1798 gratia
975 1705 1186 1782 «dummodo
1203 1710 1302 1782 oolla

84 1819 149 1892 olio
170 1818 390 1912 laoulpeatio
413 1821 607 1913 reperiatur
632 1838 800 1902 eoaeesso,
826 1824 889 1892 aut
913 1821 1042 1894 similia
1063 1825 1151 1895 eto.»
1176 1823 1303 1896 eruitur

83 1930 186 2004 urnas
214 1949 389 2006 remanere
421 1933 568 2024 singulas
593 1930 818 2023 Indulgentiae
851 1933 948 2005 etism
981 1933 1194 2026 praecedenti
1219 1941 1303 2008 tem-

84 2061 158 2135 pore
180 2045 342 2136 elargitus
369 2044 412 2118 de
437 2044 560 2136 quibus
586 2045 711 2117 mentia
736 2063 872 2144 quoque
898 2045 986 2138 opud
1002 2045 1173 2122 ¹enotares
1198 2045 1241 2121 de
1254 2048 1305 2120 ln·

85 2151 250 2246 dulgentiis
283 2162 570 2248 pertractantes».
598 2157 644 2229 lta
670 2156 742 2229 Sao.
769 2156 1143 2248 congregauonis
1172 2159 1226 2232 dle
1258 2164 1304 2230 30

86 2266 216 2342 Ianuarii
246 2272 351 2341 1813.
1186 2317 1188 2322 -

618 2463 760 2540 DXLVl.

579 2649 808 2705 populosa.

150 2830 216 2902 Pro
237 2829 396 2923 portel.
422 2831 627 2920 Daauosaes
655 2829 860 2913 Sacerdotis,
879 2835 911 2903 et
930 2831 1092 2904 Gaaoaiei
1117 2830 1308 2904 lloaororii
1411 2845 1420 2898 ι

86 2941 244 3016 Ecclesiae
273 2939 488 3015 cathedralis
518 2943 738 3016 Tornaeeasis
755 2944 938 3036 eapooiter
956 2945 1032 3024 Sor.
1053 2944 1197 3036 Coaar„
1216 2941 1310 3036 quart

88 3053 275 3148 confratres
289 3109 398 3128 .....
416 3055 602 3148 supplicem
627 3054 779 3127 libellum
812 3056 997 3128 obtulerint
1022 3058 1161 3129 Sarnmo
1191 3057 1308 3130 Poeti-

86 3167 136 3256 lei
159 3169 218 3242 Pio
250 3167 314 3241 Vll
334 3186 409 3241 soa.
426 3185 491 3240 me.
510 3168 569 3258 aui
580 3185 644 3259 per
662 3165 874 3258 Rescriptum
901 3165 970 3239 (liei
990 3163 1195 3259 triturasti
1216 3170 1309 3238 tots

87 3277 239 3370 tiaratos
257 3284 305 3353 est
322 3279 502 3353 declarare
517 3279 637 3352 auare
653 3279 916 3370 Prioileaiotum
933 3281 992 3351 ete.
1011 3278 1102 3351 nulls
1114 3279 1198 3351 taeta
1214 3295 1310 3350 rnen·

86 3390 169 3464 iane
192 3391 360 3484 anulatis
375 3390 506 3476 Altaris,
533 3389 624 3482 qaod
641 3391 675 3462 in
692 3390 833 3484 supplici
852 3390 962 3464 libello
979 3389 1182 3464 deeluratum
1203 3390 1311 3462 luerat

86 3501 250 3578 Portatile:
280 3503 428 3590 Quidam
445 3502 524 3576 iarle
540 3504 688 3576 uariunt
703 3502 1161 3597 meatioremportotilitotis
1182 3502 1313 3592 requiri

87 3618 156 3686 tum
176 3616 213 3689 ia
236 3616 383 3710 supplici
408 3616 533 3698 libello,
560 3620 632 3689 tam
649 3617 685 3688 ia
701 3616 898 3710 lleseripto;
923 3617 986 3690 olii
1011 3636 1091 3690 vero
1117 3612 1313 3707 afficeresi

86 3725 120 3796 ia
144 3729 308 3802 oltautro
316 3748 330 3817 ;
356 3729 534 3820 quaeritur
550 3747 597 3802 ou
614 3729 812 3819 requiratur
829 3726 923 3801 dioto
947 3729 1074 3802 roario
1091 3729 1128 3800 ia
1144 3725 1314 3816 atroque?

158 3839 226 3914 Sao.
261 3835 479 3934 congregatio
512 3839 642 3914 censuit
665 3838 825 3914 oeatarari
848 3838 1034 3943 «censure
1066 3838 1110 3913 de
1141 3836 1314 3931 privilegio

88 3949 210 4025 etiamsi
225 3952 351 4026 mentio
380 3951 423 4026 de
447 3950 566 4025 altaris
588 3953 797 4045 portatilitute
821 3951 856 4024 io
880 3951 1021 4044 supplici
1048 3957 1177 4024 unium
1201 3949 1314 4022 libello

87 4061 129 4133 sit
153 4051 321 4158 expressa,
348 4064 485 4141 minime
510 4063 649 4138 veroin
675 4062 901 4138 mneessionis
925 4062 1152 4157 Rescripta».
1179 4062 1241 4136 Die
1268 4063 1309 4133 :ll

89 4173 227 4252 tannarii
256 4181 361 4252 1813.
