3164 4926
583 383 799 450 -lll-

75 522 137 592 bac
160 521 238 593 lnce
263 517 465 612 migraverit,
492 519 758 604 celebrabuntur,
782 519 919 596 Animae
936 502 1139 612 hujusmodl,
1165 540 1227 615 pro
1243 539 1310 615 qua

74 634 261 706 celebratae
286 634 428 718 luerint,
454 633 593 726 perinde
618 634 865 725 suffragentur,
893 653 931 707 ac
956 634 1053 707 siad
1077 635 1187 708 llltare
1213 636 1312 729 privi-

72 747 234 838 legiatum
261 747 447 819 celebratae
472 746 625 820 luissent.
651 747 725 819 Non
751 746 960 820 obstantibus
984 747 1021 819 ln
1045 747 1246 824 contrarium
1266 748 1313 822 la·

70 859 239 934 cientibus
265 860 547 952 quibuscumque.
579 861 748 933 Praesenti
773 861 809 932 in
840 867 1042 953 perpetuum
1066 861 1216 935 valituro.
1243 861 1311 936 Vo-

70 975 203 1064 lnltqne
227 973 393 1046 Sanctitas
419 975 486 1046 Sna
509 973 597 1046 bane
618 974 757 1065 gratiam
774 973 947 1065 suliragari
968 972 1096 1066 absque
1112 975 1180 1049 ulla
1195 975 1310 1050 Brevis

71 1085 320 1182 expedictione.
346 1088 469 1161 Datum
493 1088 619 1161 Rornae
644 1087 699 1160 die
724 1091 747 1157 8
773 1087 916 1179 Augusti
942 1091 1049 1160 1750.
1211 1087 1218 1104 ·

589 1201 649 1273 I'n.
675 1203 703 1274 J.
731 1199 834 1274 Cano.
861 1203 1128 1274 Ponrocnnnnno
1154 1203 1277 1277 Penus.

557 1315 597 1387 A.
624 1315 670 1390 Μ.
697 1315 792 1388 droa
817 1317 911 1389 Prot.
939 1316 1152 1411 apostolicos
1177 1311 1301 1394 scaro

621 1513 762 1588 CXCVI.

109 1659 240 1716 ultumis
266 1661 317 1714 FF.
344 1657 571 1714 snucrlssluln
597 1659 778 1714 rutmrllms
804 1659 1039 1718 nltosltl’lloms
1065 1659 1271 1718 cabrrtonull

445 1773 732 1828 olscntdnnroltutl
758 1773 939 1830 moeones.
1048 1787 1050 1792 “

139 1881 200 1956 Ad
235 1882 440 1954 bumillimas
477 1901 594 1974 preces
636 1883 689 1954 Ii.
727 1882 867 1957 Amadoi
906 1883 948 1958 do
989 1884 1119 1956 Sanctis
1155 1881 1309 1958 modoml

70 1995 148 2068 rm.
184 1995 320 2068 Ordinis
352 1995 587 2069 Sanctissimae
620 1995 785 2068 trinitatis
817 1995 1068 2090 Redemptionis
1094 1995 1309 2089 Captivorum

68 2107 352 2180 Discalceatorum
369 2115 550 2200 nuncupat.
567 2107 841 2199 congregationis
857 2107 1091 2200 Hispaniamm
1113 2110 1308 2182 Procurato-

68 2223 114 2294 ris
130 2223 317 2306 Generalis,
336 2223 578 2295 sanctissimus,
597 2223 759 2295 Dominus
784 2221 903 2296 Noster
928 2224 1127 2296 Benedictus
1151 2225 1214 2298 PP.
1230 2223 1309 2298 xlv

67 2337 188 2408 volens
213 2352 334 2408 omnes
351 2340 384 2407 et
400 2336 548 2426 singulas
573 2337 738 2410 Ecclesiae
764 2336 1007 2409 Conventuales
1024 2335 1102 2408 1111.
1121 2335 1254 2409 Ordinis
1275 2341 1309 2410 ot

67 2448 346 2542 congregatione
371 2448 565 2539 hujusmodi
590 2457 659 2522 tam
690 2458 816 2522 erectas
850 2467 952 2540 quam
984 2449 1217 2542 inposterum
1247 2449 1310 2522 eri·

67 2562 214 2654 gandae,
249 2561 433 2654 inquibus
466 2562 554 2634 uliud
578 2561 690 2635 Altare
715 2583 734 2635 a
764 2563 797 2634 S.
831 2563 874 2638 ll.
908 2561 1087 2636 Denedioto
1112 2561 1189 2635 XIII
1211 2562 1307 2656 juxta

67 2683 194 2749 cenam
217 2675 362 2746 lormam
385 2675 454 2767 iam
480 2677 723 2768 privilegiatum
749 2676 1001 2770 inperpetuum
1021 2677 1197 2770 reperitur,
1215 2668 1309 2770 quod

68 2807 126 2882 per
157 2795 358 2884 praesentes
391 2788 530 2861 Litteras
560 2789 752 2862 auctorilate
781 2789 970 2882 Apostolioa
1001 2791 1186 2876 revocavit,
1213 2789 1307 2864 etin

68 2903 113 2974 eis
136 2903 245 2974 silum
270 2901 382 2974 llltare
407 2921 426 2972 a
458 2902 645 2994 respective
678 2903 844 2975 Locorum
876 2902 1050 2975 ordinario
1083 2901 1188 2976 semel
1218 2901 1306 2975 desi·

70 3015 243 3106 goandum
268 3015 334 3086 boc
359 3015 493 3107 speciali
510 3015 682 3108 privilegio
700 3017 877 3101 illustrare,
894 3021 932 3089 ut
949 3016 1232 3108 quandocumque
1251 3015 1310 3088 Sa·

68 3128 187 3203 cordos
213 3127 336 3220 ailquis
362 3129 559 3215 Saecularis,
586 3131 640 3204 vel
665 3131 812 3222 cujusvis
831 3129 964 3202 Ordinis
984 3125 1257 3220 congregationis
1274 3131 1308 3200 et

68 3243 208 3316 Instituli
235 3243 410 3333 Ilegulam's
434 3243 570 3317 Missam
595 3261 657 3337 pro
682 3242 803 3315 Anima
828 3244 1071 3336 cujuscumque
1103 3237 1307 3314 Clnr'stlllde·

68 3355 114 3436 lig
140 3373 234 3448 qnae
259 3355 330 3428 Deo
355 3355 390 3428 in
414 3355 572 3429 charitate
598 3358 775 3448 conjuncta
801 3357 844 3428 ab
868 3355 932 3428 bac
956 3356 1031 3428 luce
1055 3354 1247 3446 migrarent
1263 3347 1307 3425 ad

69 3467 177 3542 litare
202 3467 392 3563 praelatum
418 3469 613 3544 celebrabit:
639 3469 759 3542 Anima
784 3469 858 3562 ipsa
882 3468 926 3542 de
951 3467 1108 3541 thesauro
1137 3465 1306 3539 Ecclesiae

69 3601 124 3673 per
149 3583 294 3656 modum
320 3583 467 3675 sullragll
495 3581 738 3674 Indulgentiam
764 3588 1007 3674 consequatur,
1038 3582 1083 3654 ita
1112 3585 1148 3652 ut
1173 3577 1307 3651 Domini

67 3691 177 3766 bostri
199 3697 282 3767 Iesu
309 3693 442 3778 Christi
469 3713 507 3766 ac
532 3696 746 3770 Beatissimae
767 3695 913 3788 Virginis
934 3695 1067 3778 Mariae,
1094 3693 1307 3765 Sanctorum·

70 3825 133 3897 que
160 3807 313 3880 omnium
339 3807 467 3880 merids
492 3807 556 3880 sibi
582 3807 840 3900 suffragantibus
867 3829 886 3880 a
910 3807 1094 3900 Purgatorii
1122 3804 1242 3900 poenis
1265 3803 1305 3876 li·

70 3919 221 4006 beretur,
248 3921 394 4012 benigne
427 3921 592 3994 concessit
618 3929 718 4014 atquo
748 3921 893 3995 indulsit.
928 3922 1003 3996 Non
1036 3918 1245 3995 obstantibus
1270 3918 1306 3990 in

72 4035 271 4106 contrarium
296 4034 494 4108 lactentibus
527 4035 808 4127 quibuscumque.
840 4034 1011 4108 Praesenti
1043 4035 1306 4128 inperpetuum

74 4147 220 4218 rabmro.
245 4146 426 4239 voluitque
451 4147 614 4220 Sanctitas
641 4149 707 4222 Sua
725 4149 811 4220 hanc
828 4150 966 4240 gratiam
985 4145 1161 4238 suflragari
1177 4143 1306 4251 absque

76 4257 138 4329 nlla
162 4257 273 4334 Brevis
296 4259 542 4356 expedictione.
564 4262 685 4335 Datum
701 4263 828 4335 Rornae
845 4261 900 4334 dio
919 4264 960 4332 ll
981 4258 1178 4332 Decembris
1198 4257 1304 4340 1750,

581 4375 638 4446 Fa.
665 4376 692 4446 t.
720 4376 822 4448 Ceno.
849 4374 1116 4445 Ponrocnnnnno
1144 4369 1268 4442 Panno.

540 4488 579 4560 Α.
612 4489 659 4564 Μ,
690 4489 785 4564 Drbo
818 4487 912 4564 Prot.
939 4485 1153 4582 Apostolicus
1179 4479 1305 4562 secret.
