<?xml version="1.0" encoding="UTF-8"?>
<!DOCTYPE html PUBLIC "-//W3C//DTD XHTML 1.0 Transitional//EN"
    "http://www.w3.org/TR/xhtml1/DTD/xhtml1-transitional.dtd">
<html xmlns="http://www.w3.org/1999/xhtml" xml:lang="en" lang="en">
 <head>
  <title>
</title>
<meta http-equiv="Content-Type" content="text/html;charset=utf-8" />
  <meta name='ocr-system' content='tesseract 3.04.00' />
  <meta name='ocr-capabilities' content='ocr_page ocr_carea ocr_par ocr_line ocrx_word'/>
</head>
<body>
  <div class='ocr_page' id='page_1' title='image "./resolutionesseu00pringoog_0279.png"; bbox 0 0 3130 4920; ppageno 0'>
   <div class='ocr_carea' id='block_1_1' title="bbox 752 373 969 442">
    <p class='ocr_par' dir='ltr' id='par_1_1' title="bbox 752 373 969 442">
     <span class='ocr_line' id='line_1_1' title="bbox 752 373 969 442; baseline -0.005 0"><span class='ocrx_word' id='word_1_1' title='bbox 752 373 969 442; x_wconf 77' lang='lat'>-272-</span> 
     </span>
    </p>
   </div>
   <div class='ocr_carea' id='block_1_2' title="bbox 183 506 1480 2834">
    <p class='ocr_par' dir='ltr' id='par_1_2' title="bbox 183 506 1480 2834">
     <span class='ocr_line' id='line_1_2' title="bbox 248 506 1474 593; baseline -0.002 -9"><span class='ocrx_word' id='word_1_2' title='bbox 248 510 338 586; x_wconf 93' lang='lat' dir='ltr'><strong>tibus</strong></span> <span class='ocrx_word' id='word_1_3' title='bbox 363 511 417 586; x_wconf 91' lang='lat' dir='ltr'><strong>die</strong></span> <span class='ocrx_word' id='word_1_4' title='bbox 441 509 525 586; x_wconf 89' lang='lat' dir='ltr'><strong>lesio</strong></span> <span class='ocrx_word' id='word_1_5' title='bbox 550 511 731 586; x_wconf 81' lang='lat' dir='ltr'><strong>Natiuitatis</strong></span> <span class='ocrx_word' id='word_1_6' title='bbox 763 509 895 584; x_wconf 87' lang='lat' dir='ltr'>Domini</span> <span class='ocrx_word' id='word_1_7' title='bbox 920 509 1030 584; x_wconf 87' lang='lat' dir='ltr'><strong>Nostri</strong></span> <span class='ocrx_word' id='word_1_8' title='bbox 1053 511 1134 584; x_wconf 91' lang='lat' dir='ltr'><strong>lesu</strong></span> <span class='ocrx_word' id='word_1_9' title='bbox 1150 506 1287 593; x_wconf 88' lang='lat' dir='ltr'><strong>Christi,</strong></span> <span class='ocrx_word' id='word_1_10' title='bbox 1309 508 1474 582; x_wconf 87' lang='lat' dir='ltr'><strong>Pasobatis</strong></span> 
     </span>
     <span class='ocr_line' id='line_1_3' title="bbox 248 623 1473 711; baseline -0.001 -14"><span class='ocrx_word' id='word_1_11' title='bbox 248 625 522 710; x_wconf 85' lang='lat' dir='ltr'><strong>Resurrectionis‚</strong></span> <span class='ocrx_word' id='word_1_12' title='bbox 548 627 771 711; x_wconf 70' lang='lat' dir='ltr'><strong>pentecostes,</strong></span> <span class='ocrx_word' id='word_1_13' title='bbox 797 623 980 699; x_wconf 85' lang='lat' dir='ltr'><strong>Natiuitatis</strong></span> <span class='ocrx_word' id='word_1_14' title='bbox 996 625 1032 696; x_wconf 86' lang='lat' dir='ltr'><strong>b.</strong></span> <span class='ocrx_word' id='word_1_15' title='bbox 1054 625 1096 698; x_wconf 89' lang='lat' dir='ltr'><strong>lii.</strong></span> <span class='ocrx_word' id='word_1_16' title='bbox 1115 623 1174 709; x_wconf 75' lang='lat' dir='ltr'><strong>tt,</strong></span> <span class='ocrx_word' id='word_1_17' title='bbox 1192 623 1473 708; x_wconf 80' lang='lat' dir='ltr'><strong>annunciationis,</strong></span> 
     </span>
     <span class='ocr_line' id='line_1_4' title="bbox 246 734 1472 830; baseline -0.002 -20"><span class='ocrx_word' id='word_1_18' title='bbox 246 737 504 830; x_wconf 79' lang='lat' dir='ltr'><strong>Assumpilonis,</strong></span> <span class='ocrx_word' id='word_1_19' title='bbox 531 745 564 814; x_wconf 91' lang='lat' dir='ltr'><strong>et</strong></span> <span class='ocrx_word' id='word_1_20' title='bbox 588 739 622 818; x_wconf 93' lang='lat' dir='ltr'><strong>in</strong></span> <span class='ocrx_word' id='word_1_21' title='bbox 648 757 714 813; x_wconf 93' lang='lat' dir='ltr'><strong>una</strong></span> <span class='ocrx_word' id='word_1_22' title='bbox 740 757 783 812; x_wconf 86' lang='lat' dir='ltr'><strong>ex</strong></span> <span class='ocrx_word' id='word_1_23' title='bbox 808 737 898 811; x_wconf 90' lang='lat' dir='ltr'><strong>leriis</strong></span> <span class='ocrx_word' id='word_1_24' title='bbox 923 738 1028 810; x_wconf 81' lang='lat' dir='ltr'><strong>sertis</strong></span> <span class='ocrx_word' id='word_1_25' title='bbox 1054 735 1334 828; x_wconf 88' lang='lat' dir='ltr'><strong>Quadragesimae</strong></span> <span class='ocrx_word' id='word_1_26' title='bbox 1359 734 1472 809; x_wconf 91' lang='lat' dir='ltr'><strong>abOr-</strong></span> 
     </span>
     <span class='ocr_line' id='line_1_5' title="bbox 247 847 1475 943; baseline -0.002 -19"><span class='ocrx_word' id='word_1_27' title='bbox 247 847 374 924; x_wconf 87' lang='lat' dir='ltr'><strong>dioario</strong></span> <span class='ocrx_word' id='word_1_28' title='bbox 398 849 505 924; x_wconf 89' lang='lat' dir='ltr'><strong>semei</strong></span> <span class='ocrx_word' id='word_1_29' title='bbox 529 855 657 924; x_wconf 88' lang='lat' dir='ltr'><strong>tantum</strong></span> <span class='ocrx_word' id='word_1_30' title='bbox 682 849 902 943; x_wconf 89' lang='lat' dir='ltr'><strong>designanda,</strong></span> <span class='ocrx_word' id='word_1_31' title='bbox 928 847 1170 941; x_wconf 76' lang='lat' dir='ltr'><strong>indulgentiam</strong></span> <span class='ocrx_word' id='word_1_32' title='bbox 1195 847 1405 937; x_wconf 84' lang='lat' dir='ltr'><strong>Pienarlam3</strong></span> <span class='ocrx_word' id='word_1_33' title='bbox 1436 867 1475 921; x_wconf 88' lang='lat' dir='ltr'><strong>ao</strong></span> 
     </span>
     <span class='ocr_line' id='line_1_6' title="bbox 245 959 1474 1054; baseline 0 -20"><span class='ocrx_word' id='word_1_34' title='bbox 245 967 374 1052; x_wconf 89' lang='lat' dir='ltr'><strong>septem</strong></span> <span class='ocrx_word' id='word_1_35' title='bbox 400 979 564 1036; x_wconf 80' lang='lat' dir='ltr'><strong>annorum</strong></span> <span class='ocrx_word' id='word_1_36' title='bbox 595 962 801 1054; x_wconf 86' lang='lat' dir='ltr'><strong>totidemque</strong></span> <span class='ocrx_word' id='word_1_37' title='bbox 833 961 1123 1054; x_wconf 78' lang='lat' dir='ltr'><strong>quadragenamm</strong></span> <span class='ocrx_word' id='word_1_38' title='bbox 1147 960 1268 1035; x_wconf 90' lang='lat' dir='ltr'><strong>diebus</strong></span> <span class='ocrx_word' id='word_1_39' title='bbox 1292 959 1385 1034; x_wconf 90' lang='lat' dir='ltr'><strong>lestis</strong></span> <span class='ocrx_word' id='word_1_40' title='bbox 1407 960 1474 1034; x_wconf 85' lang='lat' dir='ltr'><strong>Gir·</strong></span> 
     </span>
     <span class='ocr_line' id='line_1_7' title="bbox 246 1071 1472 1166; baseline 0 -20"><span class='ocrx_word' id='word_1_41' title='bbox 246 1073 459 1147; x_wconf 88' lang='lat' dir='ltr'><strong>oumeisionis</strong></span> <span class='ocrx_word' id='word_1_42' title='bbox 482 1075 614 1147; x_wconf 85' lang='lat' dir='ltr'><strong>Domini</strong></span> <span class='ocrx_word' id='word_1_43' title='bbox 640 1075 748 1148; x_wconf 84' lang='lat' dir='ltr'><strong>Nostri</strong></span> <span class='ocrx_word' id='word_1_44' title='bbox 771 1075 850 1147; x_wconf 88' lang='lat' dir='ltr'><strong>iesu</strong></span> <span class='ocrx_word' id='word_1_45' title='bbox 867 1073 1000 1158; x_wconf 85' lang='lat' dir='ltr'><strong>Cbristi,</strong></span> <span class='ocrx_word' id='word_1_46' title='bbox 1017 1073 1233 1166; x_wconf 80' lang='lat' dir='ltr'><strong>Epiphaniae,</strong></span> <span class='ocrx_word' id='word_1_47' title='bbox 1250 1071 1472 1157; x_wconf 76' lang='lat' dir='ltr'><strong>Assensionis,</strong></span> 
     </span>
     <span class='ocr_line' id='line_1_8' title="bbox 245 1183 1475 1280; baseline -0.001 -20"><span class='ocrx_word' id='word_1_48' title='bbox 245 1185 453 1260; x_wconf 76' lang='lat' dir='ltr'><strong>sanctissimi</strong></span> <span class='ocrx_word' id='word_1_49' title='bbox 478 1185 634 1279; x_wconf 80' lang='lat' dir='ltr'><strong>Corporis</strong></span> <span class='ocrx_word' id='word_1_50' title='bbox 659 1185 791 1270; x_wconf 85' lang='lat' dir='ltr'><strong>Cbristi,</strong></span> <span class='ocrx_word' id='word_1_51' title='bbox 817 1183 1062 1280; x_wconf 86' lang='lat' dir='ltr'><strong>Coneeptionis,</strong></span> <span class='ocrx_word' id='word_1_52' title='bbox 1089 1185 1475 1270; x_wconf 69' lang='lat' dir='ltr'><strong>visitationis-loribus</strong></span> 
     </span>
     <span class='ocr_line' id='line_1_9' title="bbox 244 1295 1473 1392; baseline -0.001 -20"><span class='ocrx_word' id='word_1_53' title='bbox 244 1297 354 1382; x_wconf 91' lang='lat' dir='ltr'><strong>tionis,</strong></span> <span class='ocrx_word' id='word_1_54' title='bbox 381 1299 658 1373; x_wconf 72' lang='lat' dir='ltr'><strong>praesentationis</strong></span> <span class='ocrx_word' id='word_1_55' title='bbox 683 1299 834 1391; x_wconf 87' lang='lat' dir='ltr'><strong>ejusdem</strong></span> <span class='ocrx_word' id='word_1_56' title='bbox 851 1301 887 1371; x_wconf 89' lang='grc' dir='ltr'><strong>Β.</strong></span> <span class='ocrx_word' id='word_1_57' title='bbox 905 1299 948 1374; x_wconf 90' lang='lat' dir='ltr'><strong>bi.</strong></span> <span class='ocrx_word' id='word_1_58' title='bbox 966 1299 1026 1384; x_wconf 91' lang='lat' dir='ltr'><strong>ii.,</strong></span> <span class='ocrx_word' id='word_1_59' title='bbox 1044 1299 1079 1371; x_wconf 91' lang='lat' dir='ltr'><strong>S.</strong></span> <span class='ocrx_word' id='word_1_60' title='bbox 1096 1295 1234 1391; x_wconf 88' lang='lat' dir='ltr'><strong>iosopbi</strong></span> <span class='ocrx_word' id='word_1_61' title='bbox 1251 1298 1325 1391; x_wconf 89' lang='lat' dir='ltr'><strong>ejus</strong></span> <span class='ocrx_word' id='word_1_62' title='bbox 1342 1298 1473 1392; x_wconf 86' lang='lat' dir='ltr'><strong>spousi,</strong></span> 
     </span>
     <span class='ocr_line' id='line_1_10' title="bbox 244 1409 1477 1504; baseline -0.002 -20"><span class='ocrx_word' id='word_1_63' title='bbox 244 1409 426 1484; x_wconf 84' lang='lat' dir='ltr'><strong>Natiuitatis</strong></span> <span class='ocrx_word' id='word_1_64' title='bbox 451 1412 485 1482; x_wconf 89' lang='lat' dir='ltr'><strong>S.</strong></span> <span class='ocrx_word' id='word_1_65' title='bbox 511 1411 647 1484; x_wconf 87' lang='lat' dir='ltr'><strong>ioannis</strong></span> <span class='ocrx_word' id='word_1_66' title='bbox 672 1410 847 1504; x_wconf 82' lang='lat' dir='ltr'><strong>Baptistae,</strong></span> <span class='ocrx_word' id='word_1_67' title='bbox 865 1410 1023 1484; x_wconf 89' lang='lat' dir='ltr'><strong>Omnium</strong></span> <span class='ocrx_word' id='word_1_68' title='bbox 1050 1411 1259 1495; x_wconf 81' lang='lat' dir='ltr'><strong>sanatorum,</strong></span> <span class='ocrx_word' id='word_1_69' title='bbox 1285 1416 1319 1483; x_wconf 90' lang='lat' dir='ltr'><strong>et</strong></span> <span class='ocrx_word' id='word_1_70' title='bbox 1343 1409 1376 1482; x_wconf 92' lang='lat' dir='ltr'><strong>in</strong></span> <span class='ocrx_word' id='word_1_71' title='bbox 1397 1429 1477 1502; x_wconf 85' lang='lat' dir='ltr'><strong>qua·</strong></span> 
     </span>
     <span class='ocr_line' id='line_1_11' title="bbox 244 1521 1477 1615; baseline 0.001 -21"><span class='ocrx_word' id='word_1_72' title='bbox 244 1521 324 1596; x_wconf 90' lang='lat' dir='ltr'><strong>libet</strong></span> <span class='ocrx_word' id='word_1_73' title='bbox 348 1523 520 1596; x_wconf 85' lang='lat' dir='ltr'><strong>Dominioa</strong></span> <span class='ocrx_word' id='word_1_74' title='bbox 544 1521 727 1608; x_wconf 80' lang='lat' dir='ltr'><strong>Adventus,</strong></span> <span class='ocrx_word' id='word_1_75' title='bbox 753 1527 787 1597; x_wconf 93' lang='lat' dir='ltr'><strong>et</strong></span> <span class='ocrx_word' id='word_1_76' title='bbox 811 1523 845 1596; x_wconf 91' lang='lat' dir='ltr'><strong>io</strong></span> <span class='ocrx_word' id='word_1_77' title='bbox 871 1541 1086 1615; x_wconf 81' lang='lat' dir='ltr'><strong>quarumque</strong></span> <span class='ocrx_word' id='word_1_78' title='bbox 1103 1523 1165 1595; x_wconf 90' lang='lat' dir='ltr'><strong>alia</strong></span> <span class='ocrx_word' id='word_1_79' title='bbox 1181 1522 1263 1596; x_wconf 83' lang='lat' dir='ltr'><strong>leuia</strong></span> <span class='ocrx_word' id='word_1_80' title='bbox 1280 1528 1375 1595; x_wconf 86' lang='lat' dir='ltr'><strong>sexta</strong></span> <span class='ocrx_word' id='word_1_81' title='bbox 1391 1523 1477 1608; x_wconf 89' lang='lat' dir='ltr'><strong>Qua·</strong></span> 
     </span>
     <span class='ocr_line' id='line_1_12' title="bbox 244 1633 1474 1729; baseline 0 -21"><span class='ocrx_word' id='word_1_82' title='bbox 244 1633 467 1726; x_wconf 72' lang='lat' dir='ltr'><strong>dragesimam,</strong></span> <span class='ocrx_word' id='word_1_83' title='bbox 494 1634 716 1729; x_wconf 84' lang='lat' dir='ltr'><strong>insipiendam</strong></span> <span class='ocrx_word' id='word_1_84' title='bbox 742 1654 761 1707; x_wconf 92' lang='lat' dir='ltr'><strong>a</strong></span> <span class='ocrx_word' id='word_1_85' title='bbox 785 1635 903 1728; x_wconf 91' lang='lat' dir='ltr'><strong>primis</strong></span> <span class='ocrx_word' id='word_1_86' title='bbox 933 1636 1084 1729; x_wconf 85' lang='lat' dir='ltr'><strong>vesperis</strong></span> <span class='ocrx_word' id='word_1_87' title='bbox 1116 1653 1227 1728; x_wconf 85' lang='lat' dir='ltr'><strong>usque</strong></span> <span class='ocrx_word' id='word_1_88' title='bbox 1241 1633 1297 1720; x_wconf 85' lang='lat' dir='ltr'><strong>¹ad</strong></span> <span class='ocrx_word' id='word_1_89' title='bbox 1320 1648 1474 1708; x_wconf 84' lang='lat' dir='ltr'><strong>omasum</strong></span> 
     </span>
     <span class='ocr_line' id='line_1_13' title="bbox 243 1745 1474 1840; baseline 0.003 -22"><span class='ocrx_word' id='word_1_90' title='bbox 243 1745 323 1818; x_wconf 90' lang='lat' dir='ltr'><strong>solis</strong></span> <span class='ocrx_word' id='word_1_91' title='bbox 347 1745 570 1838; x_wconf 86' lang='lat' dir='ltr'><strong>praelatorum</strong></span> <span class='ocrx_word' id='word_1_92' title='bbox 595 1746 724 1820; x_wconf 89' lang='lat' dir='ltr'><strong>diorum</strong></span> <span class='ocrx_word' id='word_1_93' title='bbox 749 1747 930 1820; x_wconf 88' lang='lat' dir='ltr'><strong>elementer</strong></span> <span class='ocrx_word' id='word_1_94' title='bbox 947 1748 1047 1821; x_wconf 85' lang='lat' dir='ltr'><strong>etiam</strong></span> <span class='ocrx_word' id='word_1_95' title='bbox 1064 1747 1221 1840; x_wconf 80' lang='lat' dir='ltr'><strong>elargitus</strong></span> <span class='ocrx_word' id='word_1_96' title='bbox 1238 1753 1299 1821; x_wconf 92' lang='lat' dir='ltr'><strong>est.</strong></span> <span class='ocrx_word' id='word_1_97' title='bbox 1318 1745 1365 1820; x_wconf 78' lang='lat' dir='ltr'><strong>bo</strong></span> <span class='ocrx_word' id='word_1_98' title='bbox 1381 1747 1474 1822; x_wconf 91' lang='lat' dir='ltr'><strong>insu·</strong></span> 
     </span>
     <span class='ocr_line' id='line_1_14' title="bbox 244 1857 1477 1953; baseline 0.005 -25"><span class='ocrx_word' id='word_1_99' title='bbox 244 1875 305 1950; x_wconf 86' lang='lat' dir='ltr'><strong>per</strong></span> <span class='ocrx_word' id='word_1_100' title='bbox 337 1857 464 1932; x_wconf 90' lang='lat' dir='ltr'><strong>eisdem</strong></span> <span class='ocrx_word' id='word_1_101' title='bbox 489 1858 643 1942; x_wconf 83' lang='lat' dir='ltr'><strong>infirmis,</strong></span> <span class='ocrx_word' id='word_1_102' title='bbox 669 1860 931 1934; x_wconf 85' lang='lat' dir='ltr'><strong>inservientibus</strong></span> <span class='ocrx_word' id='word_1_103' title='bbox 957 1879 995 1932; x_wconf 87' lang='lat' dir='ltr'><strong>ae</strong></span> <span class='ocrx_word' id='word_1_104' title='bbox 1020 1859 1290 1934; x_wconf 87' lang='lat' dir='ltr'><strong>Benelaetoribus</strong></span> <span class='ocrx_word' id='word_1_105' title='bbox 1317 1859 1477 1953; x_wconf 82' lang='lat' dir='ltr'><strong>praedicti</strong></span> 
     </span>
     <span class='ocr_line' id='line_1_15' title="bbox 244 1969 1476 2045; baseline -0.002 -1"><span class='ocrx_word' id='word_1_106' title='bbox 244 1969 433 2044; x_wconf 89' lang='lat' dir='ltr'><strong>Nosouomii</strong></span> <span class='ocrx_word' id='word_1_107' title='bbox 457 1969 558 2044; x_wconf 84' lang='lat' dir='ltr'><strong>eorde</strong></span> <span class='ocrx_word' id='word_1_108' title='bbox 583 1970 700 2044; x_wconf 86' lang='lat' dir='ltr'><strong>saltem</strong></span> <span class='ocrx_word' id='word_1_109' title='bbox 726 1971 867 2044; x_wconf 79' lang='lat' dir='ltr'><strong>counito</strong></span> <span class='ocrx_word' id='word_1_110' title='bbox 892 1988 931 2043; x_wconf 88' lang='lat' dir='ltr'><strong>ae</strong></span> <span class='ocrx_word' id='word_1_111' title='bbox 956 1970 1075 2044; x_wconf 90' lang='lat' dir='ltr'><strong>devote</strong></span> <span class='ocrx_word' id='word_1_112' title='bbox 1092 1970 1303 2045; x_wconf 87' lang='lat' dir='ltr'><strong>visitantibus</strong></span> <span class='ocrx_word' id='word_1_113' title='bbox 1323 1969 1476 2042; x_wconf 91' lang='lat' dir='ltr'><strong>eamdem</strong></span> 
     </span>
     <span class='ocr_line' id='line_1_16' title="bbox 244 2081 1478 2176; baseline -0.003 -16"><span class='ocrx_word' id='word_1_114' title='bbox 244 2082 434 2176; x_wconf 83' lang='lat' dir='ltr'><strong>dappeltam</strong></span> <span class='ocrx_word' id='word_1_115' title='bbox 449 2083 483 2156; x_wconf 90' lang='lat' dir='ltr'><strong>in</strong></span> <span class='ocrx_word' id='word_1_116' title='bbox 500 2101 713 2176; x_wconf 79' lang='lat' dir='ltr'><strong>quacumque</strong></span> <span class='ocrx_word' id='word_1_117' title='bbox 738 2084 817 2156; x_wconf 86' lang='lat' dir='ltr'><strong>anni</strong></span> <span class='ocrx_word' id='word_1_118' title='bbox 841 2083 896 2157; x_wconf 87' lang='lat' dir='ltr'><strong>die</strong></span> <span class='ocrx_word' id='word_1_119' title='bbox 921 2083 1163 2176; x_wconf 80' lang='lat' dir='ltr'><strong>indulgentiam</strong></span> <span class='ocrx_word' id='word_1_120' title='bbox 1179 2083 1233 2156; x_wconf 92' lang='lat' dir='ltr'><strong>bis</strong></span> <span class='ocrx_word' id='word_1_121' title='bbox 1249 2087 1384 2162; x_wconf 87' lang='lat' dir='ltr'><strong>oeutum</strong></span> <span class='ocrx_word' id='word_1_122' title='bbox 1407 2081 1478 2156; x_wconf 80' lang='lat' dir='ltr'><strong>die·</strong></span> 
     </span>
     <span class='ocr_line' id='line_1_17' title="bbox 244 2193 1480 2287; baseline -0.002 -19"><span class='ocrx_word' id='word_1_123' title='bbox 244 2213 319 2268; x_wconf 86' lang='lat' dir='ltr'><strong>rum</strong></span> <span class='ocrx_word' id='word_1_124' title='bbox 344 2195 450 2270; x_wconf 91' lang='lat' dir='ltr'><strong>semol</strong></span> <span class='ocrx_word' id='word_1_125' title='bbox 473 2205 603 2270; x_wconf 92' lang='lat' dir='ltr'><strong>tantum</strong></span> <span class='ocrx_word' id='word_1_126' title='bbox 630 2196 664 2268; x_wconf 93' lang='lat' dir='ltr'><strong>in</strong></span> <span class='ocrx_word' id='word_1_127' title='bbox 689 2195 839 2287; x_wconf 86' lang='lat' dir='ltr'><strong>quolibet</strong></span> <span class='ocrx_word' id='word_1_128' title='bbox 863 2193 919 2269; x_wconf 91' lang='lat' dir='ltr'><strong>die</strong></span> <span class='ocrx_word' id='word_1_129' title='bbox 950 2193 1143 2269; x_wconf 81' lang='lat' dir='ltr'><strong>lucrandam</strong></span> <span class='ocrx_word' id='word_1_130' title='bbox 1175 2193 1323 2286; x_wconf 87' lang='lat' dir='ltr'><strong>benigue</strong></span> <span class='ocrx_word' id='word_1_131' title='bbox 1353 2195 1480 2286; x_wconf 90' lang='lat' dir='ltr'><strong>pariter</strong></span> 
     </span>
     <span class='ocr_line' id='line_1_18' title="bbox 245 2305 1478 2408; baseline -0.002 -28"><span class='ocrx_word' id='word_1_132' title='bbox 245 2307 417 2380; x_wconf 82' lang='lat' dir='ltr'><strong>repressit.</strong></span> <span class='ocrx_word' id='word_1_133' title='bbox 435 2307 614 2408; x_wconf 85' lang='lat' dir='ltr'><strong>voluitque</strong></span> <span class='ocrx_word' id='word_1_134' title='bbox 630 2307 757 2382; x_wconf 85' lang='lat' dir='ltr'><strong>Eadem</strong></span> <span class='ocrx_word' id='word_1_135' title='bbox 773 2308 936 2382; x_wconf 81' lang='lat' dir='ltr'><strong>Sanmites</strong></span> <span class='ocrx_word' id='word_1_136' title='bbox 953 2309 1021 2381; x_wconf 89' lang='lat' dir='ltr'><strong>Sua</strong></span> <span class='ocrx_word' id='word_1_137' title='bbox 1038 2305 1232 2400; x_wconf 84' lang='lat' dir='ltr'><strong>bujnsmodi</strong></span> <span class='ocrx_word' id='word_1_138' title='bbox 1249 2306 1386 2397; x_wconf 86' lang='lat' dir='ltr'><strong>gratiam</strong></span> <span class='ocrx_word' id='word_1_139' title='bbox 1398 2325 1478 2399; x_wconf 91' lang='lat' dir='ltr'><strong>per·</strong></span> 
     </span>
     <span class='ocr_line' id='line_1_19' title="bbox 183 2417 1479 2514; baseline 0 -22"><span class='ocrx_word' id='word_1_140' title='bbox 183 2487 184 2492; x_wconf 48' lang='grc'><strong>.</strong></span> <span class='ocrx_word' id='word_1_141' title='bbox 244 2420 353 2514; x_wconf 92' lang='lat' dir='ltr'><strong>petuis</strong></span> <span class='ocrx_word' id='word_1_142' title='bbox 378 2419 497 2494; x_wconf 87' lang='lat' dir='ltr'><strong>tuturis</strong></span> <span class='ocrx_word' id='word_1_143' title='bbox 530 2419 737 2512; x_wconf 88' lang='lat' dir='ltr'><strong>temporibus</strong></span> <span class='ocrx_word' id='word_1_144' title='bbox 770 2419 899 2511; x_wconf 86' lang='lat' dir='ltr'><strong>absque</strong></span> <span class='ocrx_word' id='word_1_145' title='bbox 923 2421 989 2494; x_wconf 86' lang='lat' dir='ltr'><strong>ulla</strong></span> <span class='ocrx_word' id='word_1_146' title='bbox 1021 2421 1135 2494; x_wconf 85' lang='lat' dir='ltr'><strong>Brevis</strong></span> <span class='ocrx_word' id='word_1_147' title='bbox 1168 2417 1380 2511; x_wconf 84' lang='lat' dir='ltr'><strong>expeditione</strong></span> <span class='ocrx_word' id='word_1_148' title='bbox 1404 2418 1479 2492; x_wconf 92' lang='lat' dir='ltr'><strong>lore</strong></span> 
     </span>
     <span class='ocr_line' id='line_1_20' title="bbox 244 2529 1480 2622; baseline 0 -19"><span class='ocrx_word' id='word_1_149' title='bbox 244 2532 429 2614; x_wconf 73' lang='lat' dir='ltr'><strong>valituram.</strong></span> <span class='ocrx_word' id='word_1_150' title='bbox 455 2533 576 2606; x_wconf 88' lang='lat' dir='ltr'><strong>batum</strong></span> <span class='ocrx_word' id='word_1_151' title='bbox 601 2533 726 2614; x_wconf 79' lang='lat' dir='ltr'><strong>Romae</strong></span> <span class='ocrx_word' id='word_1_152' title='bbox 751 2549 795 2606; x_wconf 84' lang='lat' dir='ltr'><strong>ex</strong></span> <span class='ocrx_word' id='word_1_153' title='bbox 818 2533 1003 2607; x_wconf 88' lang='lat' dir='ltr'><strong>Soeretaria</strong></span> <span class='ocrx_word' id='word_1_154' title='bbox 1027 2533 1102 2606; x_wconf 84' lang='lat' dir='ltr'><strong>Sao.</strong></span> <span class='ocrx_word' id='word_1_155' title='bbox 1129 2529 1400 2622; x_wconf 84' lang='lat' dir='ltr'><strong>congregationis</strong></span> <span class='ocrx_word' id='word_1_156' title='bbox 1425 2531 1480 2604; x_wconf 94' lang='lat' dir='ltr'><strong>ln·</strong></span> 
     </span>
     <span class='ocr_line' id='line_1_21' title="bbox 244 2641 968 2779; baseline 0.003 -64"><span class='ocrx_word' id='word_1_157' title='bbox 244 2641 486 2779; x_wconf 86' lang='lat' dir='ltr'><strong>dulgentiarom</strong></span> <span class='ocrx_word' id='word_1_158' title='bbox 513 2644 568 2767; x_wconf 87' lang='lat' dir='ltr'><strong>die</strong></span> <span class='ocrx_word' id='word_1_159' title='bbox 594 2649 639 2716; x_wconf 79' lang='lat'><strong>28</strong></span> <span class='ocrx_word' id='word_1_160' title='bbox 666 2643 836 2719; x_wconf 83' lang='lat' dir='ltr'><strong>Februarii</strong></span> <span class='ocrx_word' id='word_1_161' title='bbox 862 2649 968 2718; x_wconf 77' lang='lat' dir='ltr'><strong>liiii.</strong></span> 
     </span>
     <span class='ocr_line' id='line_1_22' title="bbox 897 2755 1400 2834; baseline -0.008 -2"><span class='ocrx_word' id='word_1_162' title='bbox 897 2759 928 2832; x_wconf 80' lang='lat' dir='ltr'><strong>l</strong></span> <span class='ocrx_word' id='word_1_163' title='bbox 956 2757 991 2830; x_wconf 85' lang='lat' dir='ltr'><strong>d.</strong></span> <span class='ocrx_word' id='word_1_164' title='bbox 1018 2758 1069 2830; x_wconf 87' lang='lat' dir='ltr'><strong>De</strong></span> <span class='ocrx_word' id='word_1_165' title='bbox 1095 2755 1251 2830; x_wconf 80' lang='lat' dir='ltr'><strong>samnito</strong></span> <span class='ocrx_word' id='word_1_166' title='bbox 1278 2757 1400 2834; x_wconf 80' lang='lat' dir='ltr'><strong>Serrei</strong></span> 
     </span>
    </p>
   </div>
   <div class='ocr_carea' id='block_1_3' title="bbox 740 2953 983 3154">
    <p class='ocr_par' dir='ltr' id='par_1_3' title="bbox 740 2953 983 3154">
     <span class='ocr_line' id='line_1_23' title="bbox 769 2953 948 3029; baseline -0.022 0"><span class='ocrx_word' id='word_1_167' title='bbox 769 2953 948 3029; x_wconf 75' lang='lat' dir='ltr'><strong>ccclxii.</strong></span> 
     </span>
     <span class='ocr_line' id='line_1_24' title="bbox 740 3097 983 3154; baseline -0.021 0"><span class='ocrx_word' id='word_1_168' title='bbox 740 3097 983 3154; x_wconf 83' lang='lat' dir='ltr'><strong>vassavrun.</strong></span> 
     </span>
    </p>
   </div>
   <div class='ocr_carea' id='block_1_4' title="bbox 242 3197 1488 3634">
    <p class='ocr_par' dir='ltr' id='par_1_4' title="bbox 242 3197 1488 3634">
     <span class='ocr_line' id='line_1_25' title="bbox 296 3197 1488 3296; baseline -0.001 -18"><span class='ocrx_word' id='word_1_169' title='bbox 296 3243 298 3248; x_wconf 66' lang='lat'>,</span> <span class='ocrx_word' id='word_1_170' title='bbox 319 3203 557 3278; x_wconf 86' lang='lat' dir='ltr'><strong>Sanotissimus</strong></span> <span class='ocrx_word' id='word_1_171' title='bbox 582 3210 644 3281; x_wconf 92' lang='lat' dir='ltr'><strong>eto.</strong></span> <span class='ocrx_word' id='word_1_172' title='bbox 670 3205 836 3282; x_wconf 77' lang='lat' dir='ltr'><strong>eonoesmt</strong></span> <span class='ocrx_word' id='word_1_173' title='bbox 856 3204 891 3278; x_wconf 90' lang='lat' dir='ltr'><strong>in</strong></span> <span class='ocrx_word' id='word_1_174' title='bbox 908 3203 1027 3279; x_wconf 88' lang='lat' dir='ltr'><strong>endem</strong></span> <span class='ocrx_word' id='word_1_175' title='bbox 1044 3202 1200 3296; x_wconf 80' lang='lat' dir='ltr'><strong>cappella</strong></span> <span class='ocrx_word' id='word_1_176' title='bbox 1215 3197 1349 3295; x_wconf 87' lang='lat' dir='ltr'><strong>publiea</strong></span> <span class='ocrx_word' id='word_1_177' title='bbox 1363 3199 1488 3277; x_wconf 75' lang='lat' dir='ltr'><strong>litare</strong></span> 
     </span>
     <span class='ocr_line' id='line_1_26' title="bbox 242 3314 1487 3410; baseline 0 -22"><span class='ocrx_word' id='word_1_178' title='bbox 242 3314 485 3410; x_wconf 86' lang='lat' dir='ltr'><strong>privilegiatum</strong></span> <span class='ocrx_word' id='word_1_179' title='bbox 510 3318 741 3409; x_wconf 84' lang='lat' dir='ltr'><strong>quotidianum</strong></span> <span class='ocrx_word' id='word_1_180' title='bbox 766 3325 968 3410; x_wconf 90' lang='lat' dir='ltr'><strong>perpetuum</strong></span> <span class='ocrx_word' id='word_1_181' title='bbox 993 3333 1055 3410; x_wconf 90' lang='lat' dir='ltr'><strong>pro</strong></span> <span class='ocrx_word' id='word_1_182' title='bbox 1080 3315 1205 3400; x_wconf 89' lang='lat' dir='ltr'><strong>liissis,</strong></span> <span class='ocrx_word' id='word_1_183' title='bbox 1231 3333 1319 3406; x_wconf 80' lang='lat' dir='ltr'><strong>purae</strong></span> <span class='ocrx_word' id='word_1_184' title='bbox 1344 3333 1364 3386; x_wconf 90' lang='lat' dir='ltr'><strong>a</strong></span> <span class='ocrx_word' id='word_1_185' title='bbox 1392 3332 1487 3406; x_wconf 75' lang='lat' dir='ltr'><strong>quo</strong></span> 
     </span>
     <span class='ocr_line' id='line_1_27' title="bbox 244 3426 1488 3523; baseline -0.002 -21"><span class='ocrx_word' id='word_1_186' title='bbox 244 3445 390 3521; x_wconf 86' lang='lat' dir='ltr'><strong>eumque</strong></span> <span class='ocrx_word' id='word_1_187' title='bbox 415 3429 595 3506; x_wconf 87' lang='lat' dir='ltr'><strong>Saeerdote</strong></span> <span class='ocrx_word' id='word_1_188' title='bbox 620 3431 797 3514; x_wconf 87' lang='lat' dir='ltr'><strong>Saeouinri,</strong></span> <span class='ocrx_word' id='word_1_189' title='bbox 823 3431 895 3505; x_wconf 85' lang='lat' dir='ltr'><strong>sive</strong></span> <span class='ocrx_word' id='word_1_190' title='bbox 919 3429 1075 3523; x_wconf 83' lang='lat' dir='ltr'><strong>Regulari</strong></span> <span class='ocrx_word' id='word_1_191' title='bbox 1099 3428 1135 3502; x_wconf 90' lang='lat' dir='ltr'><strong>in</strong></span> <span class='ocrx_word' id='word_1_192' title='bbox 1161 3426 1358 3518; x_wconf 84' lang='lat' dir='ltr'><strong>sudragtum</strong></span> <span class='ocrx_word' id='word_1_193' title='bbox 1382 3427 1488 3500; x_wconf 84' lang='lat' dir='ltr'><strong>ludr-</strong></span> 
     </span>
     <span class='ocr_line' id='line_1_28' title="bbox 242 3537 1481 3634; baseline -0.002 -20"><span class='ocrx_word' id='word_1_194' title='bbox 242 3559 386 3626; x_wconf 80' lang='lat' dir='ltr'><strong>morum</strong></span> <span class='ocrx_word' id='word_1_195' title='bbox 412 3541 668 3618; x_wconf 87' lang='lat' dir='ltr'><strong>inservientium</strong></span> <span class='ocrx_word' id='word_1_196' title='bbox 693 3562 732 3617; x_wconf 87' lang='lat' dir='ltr'><strong>ae</strong></span> <span class='ocrx_word' id='word_1_197' title='bbox 756 3544 1010 3618; x_wconf 81' lang='lat' dir='ltr'><strong>benefactorum</strong></span> <span class='ocrx_word' id='word_1_198' title='bbox 1035 3539 1187 3634; x_wconf 85' lang='lat' dir='ltr'><strong>ejusdem</strong></span> <span class='ocrx_word' id='word_1_199' title='bbox 1212 3537 1402 3614; x_wconf 86' lang='lat' dir='ltr'><strong>Nosouomii</strong></span> <span class='ocrx_word' id='word_1_200' title='bbox 1429 3558 1481 3612; x_wconf 83' lang='lat' dir='ltr'><strong>ex</strong></span> 
     </span>
    </p>
   </div>
   <div class='ocr_carea' id='block_1_5' title="bbox 243 3651 1486 3842">
    <p class='ocr_par' dir='ltr' id='par_1_5' title="bbox 243 3651 1486 3842">
     <span class='ocr_line' id='line_1_29' title="bbox 243 3651 1486 3732; baseline -0.003 -4"><span class='ocrx_word' id='word_1_201' title='bbox 243 3653 306 3728; x_wconf 86' lang='lat' dir='ltr'><strong>bao</strong></span> <span class='ocrx_word' id='word_1_202' title='bbox 320 3654 389 3730; x_wconf 86' lang='lat' dir='ltr'><strong>vita</strong></span> <span class='ocrx_word' id='word_1_203' title='bbox 403 3653 685 3732; x_wconf 83' lang='lat' dir='ltr'><strong>demdentiumin</strong></span> <span class='ocrx_word' id='word_1_204' title='bbox 697 3657 817 3732; x_wconf 88' lang='lat' dir='ltr'><strong>eodem</strong></span> <span class='ocrx_word' id='word_1_205' title='bbox 830 3656 1098 3732; x_wconf 83' lang='lat' dir='ltr'><strong>celebrabuntur</strong></span> <span class='ocrx_word' id='word_1_206' title='bbox 1112 3653 1173 3727; x_wconf 80' lang='lat' dir='ltr'><strong>iiie</strong></span> <span class='ocrx_word' id='word_1_207' title='bbox 1190 3655 1237 3726; x_wconf 79' lang='lat'><strong>28</strong></span> <span class='ocrx_word' id='word_1_208' title='bbox 1253 3651 1350 3726; x_wconf 82' lang='lat' dir='ltr'><strong>Febr.</strong></span> <span class='ocrx_word' id='word_1_209' title='bbox 1367 3657 1486 3726; x_wconf 77' lang='lat' dir='ltr'><strong>liiii.</strong></span> 
     </span>
     <span class='ocr_line' id='line_1_30' title="bbox 895 3765 1400 3842; baseline -0.008 -2"><span class='ocrx_word' id='word_1_210' title='bbox 895 3769 924 3842; x_wconf 84' lang='lat' dir='ltr'><strong>J.</strong></span> <span class='ocrx_word' id='word_1_211' title='bbox 954 3769 989 3842; x_wconf 82' lang='lat' dir='ltr'><strong>d</strong></span> <span class='ocrx_word' id='word_1_212' title='bbox 1015 3769 1067 3841; x_wconf 88' lang='lat' dir='ltr'><strong>De</strong></span> <span class='ocrx_word' id='word_1_213' title='bbox 1093 3765 1250 3840; x_wconf 56' lang='lat' dir='ltr'><strong>&amp;mulie</strong></span> <span class='ocrx_word' id='word_1_214' title='bbox 1276 3765 1400 3840; x_wconf 77' lang='lat' dir='ltr'><strong>Serrei.</strong></span> 
     </span>
    </p>
   </div>
   <div class='ocr_carea' id='block_1_6' title="bbox 720 3964 953 4040">
    <p class='ocr_par' dir='ltr' id='par_1_6' title="bbox 720 3964 953 4040">
     <span class='ocr_line' id='line_1_31' title="bbox 720 3964 953 4040; baseline -0.017 1"><span class='ocrx_word' id='word_1_215' title='bbox 720 4025 723 4030; x_wconf 86' lang='lat'><strong>.</strong></span> <span class='ocrx_word' id='word_1_216' title='bbox 761 3964 953 4040; x_wconf 77' lang='lat' dir='ltr'><strong>ccclxiii.</strong></span> 
     </span>
    </p>
   </div>
   <div class='ocr_carea' id='block_1_7' title="bbox 578 4110 1133 4184">
    <p class='ocr_par' dir='ltr' id='par_1_7' title="bbox 578 4110 1133 4184">
     <span class='ocr_line' id='line_1_32' title="bbox 578 4110 1133 4184; baseline -0.007 -16"><span class='ocrx_word' id='word_1_217' title='bbox 578 4113 773 4184; x_wconf 77' lang='lat' dir='ltr'><strong>stobmtlutt·</strong></span> <span class='ocrx_word' id='word_1_218' title='bbox 790 4111 1015 4166; x_wconf 80' lang='lat' dir='ltr'><strong>onsmtbtltott</strong></span> <span class='ocrx_word' id='word_1_219' title='bbox 1040 4110 1133 4164; x_wconf 77' lang='lat' dir='ltr'><strong>unitis</strong></span> 
     </span>
    </p>
   </div>
   <div class='ocr_carea' id='block_1_8' title="bbox 241 4215 1490 4420">
    <p class='ocr_par' dir='ltr' id='par_1_8' title="bbox 241 4215 1490 4420">
     <span class='ocr_line' id='line_1_33' title="bbox 259 4215 1489 4310; baseline -0.003 -18"><span class='ocrx_word' id='word_1_220' title='bbox 259 4275 264 4282; x_wconf 84' lang='lat'><strong>.</strong></span> <span class='ocrx_word' id='word_1_221' title='bbox 315 4217 426 4305; x_wconf 87' lang='lat' dir='ltr'><strong>Quum</strong></span> <span class='ocrx_word' id='word_1_222' title='bbox 451 4219 490 4292; x_wconf 89' lang='lat' dir='ltr'><strong>ll.</strong></span> <span class='ocrx_word' id='word_1_223' title='bbox 515 4221 619 4295; x_wconf 84' lang='lat' dir='ltr'><strong>Mater</strong></span> <span class='ocrx_word' id='word_1_224' title='bbox 650 4219 753 4293; x_wconf 78' lang='lat' dir='ltr'><strong>biario</strong></span> <span class='ocrx_word' id='word_1_225' title='bbox 783 4217 919 4310; x_wconf 80' lang='lat' dir='ltr'><strong>bloysia</strong></span> <span class='ocrx_word' id='word_1_226' title='bbox 951 4237 970 4288; x_wconf 89' lang='lat' dir='ltr'><strong>n</strong></span> <span class='ocrx_word' id='word_1_227' title='bbox 1002 4217 1037 4288; x_wconf 84' lang='lat' dir='ltr'><strong>s.</strong></span> <span class='ocrx_word' id='word_1_228' title='bbox 1069 4215 1216 4308; x_wconf 88' lang='lat' dir='ltr'><strong>losepbo</strong></span> <span class='ocrx_word' id='word_1_229' title='bbox 1247 4215 1283 4286; x_wconf 93' lang='lat' dir='ltr'><strong>in</strong></span> <span class='ocrx_word' id='word_1_230' title='bbox 1310 4231 1489 4307; x_wconf 79' lang='lat' dir='ltr'><strong>praesens</strong></span> 
     </span>
     <span class='ocr_line' id='line_1_34' title="bbox 241 4326 1490 4420; baseline -0.004 -16"><span class='ocrx_word' id='word_1_231' title='bbox 241 4326 410 4404; x_wconf 79' lang='lat' dir='ltr'><strong>desistens</strong></span> <span class='ocrx_word' id='word_1_232' title='bbox 425 4332 615 4408; x_wconf 88' lang='lat' dir='ltr'><strong>lionasterii</strong></span> <span class='ocrx_word' id='word_1_233' title='bbox 628 4331 859 4408; x_wconf 88' lang='lat' dir='ltr'><strong>Ursuiioarum</strong></span> <span class='ocrx_word' id='word_1_234' title='bbox 875 4329 974 4406; x_wconf 90' lang='lat' dir='ltr'><strong>Urbis</strong></span> <span class='ocrx_word' id='word_1_235' title='bbox 986 4329 1173 4405; x_wconf 85' lang='lat' dir='ltr'><strong>humillime</strong></span> <span class='ocrx_word' id='word_1_236' title='bbox 1192 4327 1388 4420; x_wconf 83' lang='lat' dir='ltr'><strong>exposuerit</strong></span> <span class='ocrx_word' id='word_1_237' title='bbox 1400 4327 1490 4420; x_wconf 84' lang='lat' dir='ltr'><strong>ejus</strong></span> 
     </span>
    </p>
   </div>
   <div class='ocr_carea' id='block_1_9' title="bbox 0 0 1570 4920">
    <p class='ocr_par' dir='ltr' id='par_1_9' title="bbox 0 0 1570 4920">
     <span class='ocr_line' id='line_1_35' title="bbox 0 0 1570 4920; baseline 0 1"><span class='ocrx_word' id='word_1_238' title='bbox 0 0 1570 4920; x_wconf 95' lang='lat' dir='ltr'><strong> </strong></span> 
     </span>
    </p>
   </div>
  </div>
 </body>
</html>
