3012 4926
498 375 692 441 ...77-

60 505 201 593 aptandis,
226 524 266 579 ac
292 525 410 582 omnes
429 517 463 582 ot
479 510 628 602 singulas
645 511 809 604 praelatas
825 512 1064 604 indulgentias,
1083 531 1121 586 ac
1138 533 1218 608 poe·

59 615 193 690 mmmm
216 621 439 696 relaxationes
469 622 655 697 Animabos
686 623 849 698 Fidoiium
878 625 1118 700 detunctorum
1156 646 1219 720 per

55 728 132 800 :adun
151 733 289 826 soiiragii
307 735 465 828 applicari
485 737 614 810 valeant
631 737 781 810 similiter
797 739 944 811 indulsit.
972 739 1217 830 133333333ὴί-

54 840 227 917 ruatrmitas
252 847 401 938 praefata
440 847 771 922 confraternitatum
810 849 1007 940 aggregatis,
1034 867 1073 921 ac
1097 850 1132 922 in
1156 868 1218 943 po·

52 959 123 1024 trun
143 960 365 1050 aggregandis,
399 979 517 1034 omues
548 967 581 1034 et
610 961 758 1052 singulas
787 960 1013 1052 indulgentias
1039 967 1073 1034 et
1097 963 1219 1054 gratias

52 1067 198 1154 apodiatas,
223 1081 356 1146 servata
381 1079 495 1146 mmen
512 1073 619 1146 lomna
635 1071 886 1146 constitutionis
903 1075 970 1146 Fel.
989 1074 1129 1147 lieoord.
1149 1074 1220 1148 Cle·

49 1178 118 1246 mis
137 1179 190 1251 PP.
214 1182 289 1254 lilii
324 1203 428 1276 super
452 1185 553 1258 modo
578 1192 612 1258 et
636 1187 743 1259 iorma
769 1185 970 1278 aggregandi
996 1186 1219 1262 (1333333333-

49 1289 227 1376 3333313333,
254 1298 505 1370 communicare
531 1298 634 1370 libere
659 1297 800 1390 possint,
827 1298 1017 1372 [acuitatem
1042 1301 1219 1373 noncessit.

47 1397 150 1472 lluridus
172 1412 282 1479 aulem
301 1417 334 1480 et
350 1410 491 1501 singuiis
517 1411 745 1483 confratribus
772 1417 805 1483 ei
830 1411 1074 1484 Consororlbus
1099 1411 1217 1484 Archi·

49 1511 253 1591 noiatmnitatis
283 1523 468 1612 praefatae,
507 1523 566 1614 qui
597 1541 675 1596 vere
709 1523 919 1614 poenitentes
946 1530 979 1596 et
1004 1523 1147 1596 confessi
1182 1542 1222 1595 ao

49 1623 278 1706 tiammonione
313 1635 443 1718 reiecti,
460 1637 634 1708 Dominica
656 1637 751 1709 tertia
782 1637 959 1727 cujuslibet
992 1637 1118 1709 mensis
1145 1643 1222 1709 ante

49 1733 117 1809 l'uer.
143 1743 363 1820 Eucharistiae
396 1749 649 1822 Sacramentum
679 1750 714 1820 io
743 1750 890 1822 Ecclesia
923 1747 1075 1839 ejusdem
1105 1748 1222 1821 Archi·

48 1851 257 1930 vauinemitatis
285 1861 477 1952 expositum
503 1879 622 1953 preces
648 1879 709 1952 per
733 1860 868 1950 aliquod
893 1861 1053 1953 tcmpon's
1077 1861 1223 1952 spatium

47 1957 68 2024 al
90 1962 173 2036 133333
208 1971 407 2056 effoderint,
447 1991 514 2064 qua
551 1973 725 2045 dominica
761 1972 1006 2065 praedictamm
1036 1971 1071 2044 id
1096 1973 1224 2064 egerint

49 2069 171 2149 tuanen
194 2085 348 2156 omnium
378 2093 591 2177 peccatorum
624 2105 764 2160 suorum
798 2084 1042 2176 indulgentiam
1075 2085 1223 2178 imperti·

49 2188 83 2254 lu.
107 2188 224 2271 Quoties
250 2215 332 2268 vero
358 2198 481 2289 pariter
506 2199 650 2270 confessi
689 2218 727 2269 ac
764 2197 799 2270 S.
834 2196 1078 2270 communione
1110 2197 1223 2270 reiecti

50 2289 146 2372 lidum
167 2306 200 2377 in
223 2310 446 2383 xenodochio
483 2311 517 2384 S.
552 2311 688 2384 loannis
714 2311 867 2382 Laterani
892 2308 1012 2384 diebus
1037 2309 1080 2382 ad
1105 2309 1139 2382 id
1165 2308 1224 2384 da-

52 2405 128 2484 tiualis
149 2418 365 2506 visitaverint,
396 2422 528 2513 illisque
561 2423 789 2506 inservierint,
828 2429 959 2514 septem
985 2438 1092 2493 annos
1117 2426 1150 2493 et
1174 2427 1224 2493 to·

52 2516 109 2592 llll]
134 2531 367 2625 quadragenas.
406 2535 470 2620 Qoi
502 2535 620 2607 saltem
652 2534 783 2607 contriti
816 2533 964 2606 Solemoi
990 2531 1225 2606 Benedicticne

53 2631 120 2718 luae
139 2641 287 2718 lustralis
313 2648 453 2738 singuiis
474 2648 570 2719 annis
596 2647 631 2718 in
657 2645 831 2737 Pervigliio
856 2663 919 2718 seu
943 2643 998 2718 dic
1022 2645 1121 2718 Festo
1145 2645 1225 2738 Epi·

53 2741 142 2826 iluiae
168 2755 296 2830 Domini
329 2759 439 2831 Nostri
471 2761 550 2831 lesu
584 2758 705 2831 Christi
733 2759 765 2830 in
792 2758 940 2831 Ecclesia
973 2757 1080 2832 dieue
1112 2756 1228 2830 Archi·

54 2857 366 2944 annuntiatricum
391 2871 507 2944 Latino
533 2871 693 2944 celebrari
718 2871 834 2942 solitae
860 2870 979 2943 devote
1004 2868 1226 2954 interfuerint,

57 2970 119 3044 lli
138 2976 173 3050 de
194 3000 287 3054 more
312 2983 420 3056 Deum
453 2985 620 3056 oraverint
648 2983 700 3058 bis
726 2988 861 3057 centum
894 2981 967 3054 dies
1000 2981 1043 3054 de
1069 2981 1227 3074 injunctis

56 3077 230 3166 iteratas
256 3095 509 3186 quomodolibet
535 3094 655 3168 debitis
680 3095 892 3186 poenitentiis
918 3095 953 3166 in
978 3093 1085 3167 iorma
1115 3093 1228 3168 Eccle-

58 3187 94 3261 333
110 3215 242 3280 cuneta
269 3209 439 3281 relaxavit.
465 3209 607 3301 insuper
633 3207 791 3280 omnihus
809 3214 841 3279 et
858 3205 1006 3297 Singulis
1023 3204 1229 3279 Christiiide·

58 3297 106 3375 ilus
117 3329 178 3387 varo
192 3321 439 3409 poenitentibus
456 3320 619 3392 confessis
637 3326 670 3392 et
687 3321 721 3390 S.
739 3319 985 3392 communione
1001 3317 1149 3402 reiectis,
1168 3317 1229 3408 qui

60 3407 87 3484 'lt
101 3419 223 3503 Soanda
249 3433 393 3524 Augusti
418 3453 435 3504 a
462 3433 578 3524 primis
605 3431 767 3524 vesperis,
785 3449 896 3522 usque
913 3431 955 3503 ad
972 3447 1128 3504 occasum
1148 3430 1228 3503 soils

61 3519 95 3595 ivd
108 3533 285 3629 itiusmodi,
312 3550 345 3616 et
370 3545 405 3618 in
429 3546 528 3618 Festo
550 3546 623 3616 Sac.
642 3545 841 3652 stigmatum
867 3544 901 3615 S.
928 3543 1093 3614 Francisci
1119 3561 1138 3613 3
1163 3541 1230 3632 pri·

63 3639 232 3744 ltl'esparis
250 3657 390 3747 singulis
407 3655 527 3731 diebus
544 3657 629 3730 intra
648 3656 734 3728 illius
751 3662 904 3728 octavam
920 3654 1102 3728 Ecclesiam
1123 3651 1230 3728 diotae

65 3749 372 3842 iniimnlraterniiatis
387 3769 506 3843 devote
520 3768 733 3851 visitaverint,
748 3775 805 3841 aut
822 3765 1028 3860 processioni
1043 3765 1129 3838 intra
1142 3782 1231 3838 eem-

64 3855 249 3955 innodatam
276 3901 337 3974 por
361 3884 468 3974 ipsam
487 3881 890 3956 archiconiraternilatem
907 3879 980 3952 lieri
996 3877 1112 3952 solitae
1133 3877 1233 3950 inter·

68 3965 142 4064 ‘ltili
162 4011 220 4082 quo
246 3995 300 4068 die
325 3997 547 4087 praelatamm
573 3992 608 4066 id
625 3993 764 4084 egerint,
781 3993 967 4066 Planasiam
984 3991 1136 4064 omnium
1155 3990 1233 4064 Peo

67 4093 156 4204 ittam
175 4125 310 4181 suorum
335 4107 579 4199 indulgentiam
604 4112 637 4179 et
661 4106 895 4180 remissionem
926 4105 1031 4178 semei
1064 4101 1233 4196 praedicta

71 4189 97 4266 tr·
113 4211 126 4274 i
143 4213 268 4310 ingnsli
294 4227 327 4293 ct
351 4221 457 4294 semel
483 4220 590 4313 spatio
616 4219 739 4292 octidui
764 4217 901 4312 praelati
926 4235 985 4311 per
1009 4231 1234 4307 unumquem-

73 4321 108 4390 tuo
123 4331 246 4406 taudem
272 4333 454 4407 Ecclesiam
472 4341 509 4407 ut
525 4333 722 4427 praeierunt,
747 4331 936 4405 visitantem
958 4330 1012 4404 vei
1028 4326 1233 4423 processioni
