3164 4926
768 343 985 410 -lbu-

280 629 284 634 ,
807 550 948 622 CXCIX.

325 712 331 746 ·.
357 698 483 762 amuis
508 700 539 754 u.
565 699 599 752 u.
628 699 659 750 v.
687 697 729 748 nn
754 695 905 750 uneanun
929 697 1165 752 ununurneuis
1192 697 1400 754 sternuente

335 817 389 893 Ad
413 819 618 892 bumillirnas
645 817 764 890 Preces
790 817 825 888 Ρ.
845 819 887 890 Μ.
906 816 1068 890 buminlci
1085 817 1220 911 lusepbi
1247 819 1289 892 ab
1314 819 1503 912 bstigarib·

260 935 316 1010 bla
342 932 495 1006 moderni
512 934 664 1004 Fratrum
690 929 825 1003 Ordinis
842 932 877 1002 Β.
896 933 939 1004 Μ.
958 932 997 1002 V.
1016 931 1058 1004 de
1075 932 1228 1005 Mercede
1245 931 1504 1026 lledetnptiunis

262 1047 477 1139 Captivorum
502 1051 684 1136 nuncupat,
711 1043 831 1115 Vicarii
858 1049 890 1116 ct
907 1043 1132 1116 Procuraturis
1158 1047 1330 1118 Generalis
1355 1048 1508 1121 Sanctis-

262 1161 369 1235 sinus
394 1157 557 1231 Dominus
583 1158 702 1230 Noster
727 1155 927 1229 Benedictus
954 1159 1014 1231 PP.
1042 1158 1118 1230 lllll
1144 1159 1324 1232 clementer
1349 1160 1505 1246 indulsit,

263 1278 301 1347 ut
326 1284 445 1346 amnes
471 1276 504 1343 ei
529 1271 680 1362 singulae
704 1271 836 1353 Missae,
864 1287 951 1360 quae
976 1271 1010 1341 in
1036 1271 1129 1344 obitu
1154 1272 1439 1364 Presbyteruruur,
1469 1282 1508 1348 et

263 1386 479 1466 clericerum,
504 1385 733 1456 acbaleurunr
760 1381 893 1454 Ordinis
910 1383 1103 1474 bujusmadi
1128 1386 1181 1457 vel
1199 1386 1260 1457 alia
1286 1405 1508 1479 quacumque

264 1500 319 1572 dia
342 1501 437 1591 Juxta
463 1494 568 1590 ipsius
595 1495 729 1568 Ordinis
754 1495 1015 1568 Censtitutluues
1041 1497 1083 1568 ad
1108 1498 1281 1588 quodlibet
1302 1498 1412 1572 ditare
1440 1517 1508 1572 cu-

261 1611 399 1706 juslibet
423 1609 592 1684 Ecclesiae
609 1606 742 1678 Ordinis
766 1607 925 1699 praedicti
944 1609 1211 1693 celebrabuntur,
1229 1609 1371 1684 Animae
1386 1613 1511 1705 bujus-

264 1721 356 1798 madi
381 1741 442 1816 pra
468 1741 535 1814 qua
561 1721 746 1794 celebratae
771 1721 902 1806 luerint,
929 1723 1069 1814 perinde
1095 1725 1318 1815 suffragentur
1345 1743 1382 1797 ac
1408 1727 1510 1801 stad

263 1837 376 1912 attare
400 1837 644 1929 privilegialem
666 1835 851 1908 celebratae
867 1835 1019 1908 luissent.
1046 1837 1119 1909 Neu
1146 1839 1354 1910 obstantibus
1372 1840 1405 1910 iu
1423 1858 1511 1912 cen·

264 1949 402 2025 trariuur
429 1949 625 2021 iacientibus
652 1948 933 2039 quibuscumque.
962 1949 1131 2021 Praesenti
1157 1951 1190 2021 lu
1216 1957 1417 2043 perpetuum
1443 1973 1509 2024 va-

264 2063 374 2136 litura.
400 2061 581 2153 Maluitque
607 2061 770 2132 Sanctitas
804 2063 872 2132 Sua
898 2061 983 2132 haue
1010 2061 1148 2152 gratiam
1173 2063 1347 2155 suilragari
1372 2066 1510 2157 absque

265 2175 332 2248 ulia
345 2175 459 2249 Breuis
477 2173 719 2267 expedictione.
738 2175 858 2245 Datum
876 2173 1001 2245 Romae
1019 2173 1072 2246 die
1091 2180 1134 2244 bl
1154 2173 1276 2267 Aprilis
1290 2193 1378 2248 aune
1394 2183 1508 2251 tlbl.

795 2287 854 2357 Fa.
881 2288 908 2355 l.
935 2285 1039 2358 Gran.
1066 2287 1310 2360 Pnaruuunnue
1336 2279 1461 2362 ratas.

746 2399 785 2469 a,
814 2401 859 2470 M.
887 2400 982 2471 Erba
1008 2401 1101 2472 Prct.
1129 2402 1342 2494 apostolicus
1369 2405 1499 2479 secret.

745 2742 835 2796 uubis
861 2743 902 2793 ΕΤ
928 2742 1020 2794 uubis

349 2848 429 2922 «Aa
452 2849 559 2924 Missa
584 2847 626 2922 de
651 2851 746 2921 Festa
776 2848 1006 2941 semiduplici,
1039 2851 1168 2933 Veliae,
1190 2853 1244 2924 uel
1261 2851 1302 2924 aa
1319 2855 1423 2926 Faria
1450 2875 1510 2929 ce·

266 2965 400 3040 lebruta
426 2965 462 3036 iu
487 2964 602 3037 Alteri
622 2964 844 3054 privilegiata
870 2963 906 3034 irc
933 2982 998 3054 utre
1029 2966 1212 3056 capaciter
1243 2967 1511 3043 sanctissimam

264 3077 503 3151 Eucharistiae
531 3079 791 3148 Sacramentum
824 3078 892 3148 sirie
918 3079 954 3147 tu
982 3079 1173 3150 Osteuseriu
1207 3081 1276 3152 siue
1301 3082 1337 3152 ia
1365 3083 1509 3157 Cibaria

265 3187 472 3283 suffragetur
492 3209 560 3281 pra
587 3185 760 3280 buprestis
786 3207 828 3260 ac
845 3191 874 3259 si
891 3191 994 3262 Missa
1017 3189 1058 3262 de
1075 3191 1201 3282 llepaie
1227 3192 1365 3266 dicatur
1389 3195 1426 3266 irr
1446 3215 1510 3269 aa·

264 3306 420 3488 &statues
440 3413 662 3506 congregatio
679 3413 852 3508 respoudit
869 3415 923 3488 die
941 3419 989 3486 20
1005 3415 1079 3488 tulii
1102 3420 1190 3487 libi
1220 3417 1457 3496 «affirmative
1470 3453 1509 3497 ι.

846 3614 923 3686 GGl.

499 3753 548 3809 nr.
576 3757 722 3811 uneuuu
749 3757 776 3810 s
805 3757 971 3810 nuuuerscr
997 3757 1267 3814 eauvnnrunuruu

339 3861 392 3938 bd
416 3863 619 3938 humillimas
645 3885 762 3959 preces
787 3867 822 3936 P.
850 3865 892 3938 M.
920 3865 972 3938 Fr.
1000 3865 1107 3940 Garuli
1130 3867 1263 3942 Antonii
1288 3869 1379 3944 Garri
1404 3871 1508 3947 Miui·

266 3973 326 4052 stri
346 3978 518 4052 Generalis
536 3986 569 4053 et
590 3981 626 4051 P.
647 3979 689 4053 Μ.
711 3979 764 4049 Fr.
785 3977 953 4050 Michaelis
972 3979 1140 4054 Benedicti
1157 3982 1254 4057 Oueti
1274 3985 1507 4060 Procuraturis

266 4085 438 4165 Generalis
455 4093 534 4165 Fl'r.
553 4089 686 4164 Ordinis
702 4091 869 4164 Minaruur
889 4093 922 4165 S.
938 4093 1103 4168 Francisci
1118 4095 1393 4171 Ganuentualium
1415 4119 1509 4174 nun-

267 4213 377 4301 cupat.
396 4205 633 4278 sanctissimus
650 4205 812 4278 Dominus
828 4205 949 4280 Noster
964 4207 1164 4283 Benedictus
1181 4211 1242 4282 PP.
1260 4211 1337 4284 lllV
1357 4212 1509 4287 elemen-

266 4327 317 4393 ter
333 4317 481 4404 indulsit,
499 4324 536 4390 ut
562 4337 680 4393 omues
707 4325 740 4392 et
765 4319 914 4412 singulae
931 4321 1051 4397 Missae
1069 4341 1156 4416 quae
1175 4324 1268 4415 juxta
1286 4324 1508 4400 Constitutio-
