3164 4926
574 373 792 450 -ltt-

77 513 204 590 lllmem
229 511 364 600 audire,
391 519 448 590 ent
471 515 500 589 si
524 513 687 590 Sacerdos
711 515 756 590 sit
779 508 948 589 celebrare
976 513 1033 588 ant
1065 505 1219 590 (tilleium
1244 511 1299 593 vel

76 625 226 701 llirlnnm
250 625 306 702 vet
328 625 366 700 o.
392 625 433 701 V.
458 627 501 702 ll.
528 633 584 702 aut
608 625 671 702 alia
686 627 816 704 munds
833 622 989 703 exercitia
1009 626 1052 701 ad
1067 627 1230 722 praelatas
1245 627 1298 705 ln·

75 739 257 833 mipennas
282 737 501 834 acquirendas
525 739 672 834 injuncta
697 757 856 835 peragere
880 739 1078 833 nequiverit,
1102 737 1229 816 eledem
1245 743 1297 817 ni·

73 851 249 926 niommns
275 851 428 946 gaudeat,
453 849 483 926 sl
506 869 569 948 pro
594 853 675 948 ipsis
700 853 886 928 recitaverit
901 857 951 928 ter
971 853 1162 928 Orationem
1186 851 1297 929 Domi·

74 965 175 1039 uram
202 969 238 1040 et
264 963 499 1040 Salutationem
524 963 726 1059 Angelicam,
753 981 791 1041 ac
814 964 1039 1061 Antiphonem
1068 993 1082 1030 r
1107 965 1208 1042 Soloe
1232 965 1296 1042 lle·

73 1078 149 1169 uiuo
174 1103 188 1142 r
218 1083 322 1171 atque
345 1075 381 1152 ln
404 1077 474 1152 tine
504 1077 578 1172 eins
610 1075 731 1154 dixerit
755 1105 768 1143 ι
792 1077 977 1153 Benedicta
1001 1079 1045 1153 stt
1074 1079 1297 1156 densissimo

82 1189 241 1274 Trinitas,
260 1195 293 1265 et
309 1189 470 1265 tondetur
486 1189 742 1266 Suuott'sstmurn
760 1193 1031 1274 Sacramentum,
1049 1211 1091 1266 uo
1117 1193 1296 1288 Conceptto

73 1303 107 1376 e.
132 1303 180 1378 il.
214 1301 249 1376 V.
276 1302 347 1378 siue
363 1301 864 1399 circumponeremus„
888 1301 1296 1380 dummodotamencon·

73 1415 187 1501 lesos,
215 1429 257 1489 ao
281 1411 316 1489 S.
341 1413 585 1492 commuuione
608 1417 751 1492 retectus
775 1415 884 1502 luerit,
909 1415 963 1491 vel
979 1415 1057 1491 inde
1082 1416 1198 1492 saltem
1215 1434 1296 1494 oon·

69 1529 159 1602 tritus
183 1535 324 1622 peccata
347 1547 410 1602 sua
434 1529 585 1604 confiteri
608 1529 748 1604 firmiter
772 1524 993 1622 proposuerit.
1019 1529 1081 1616 Qui
1106 1527 1142 1603 ln
1159 1527 1296 1606 articulo

69 1641 179 1714 mortis
193 1641 343 1714 animem
359 1655 456 1715 suam
471 1641 540 1715 Deo
553 1639 608 1736 pie
628 1641 868 1716 commendans
883 1642 1067 1736 praemissa
1081 1649 1292 1736 peccatorum

69 1771 205 1828 mamm
230 1749 452 1838 confessione,
478 1757 679 1847 sumptaque
704 1753 931 1828 sacratissima
946 1747 1171 1840 'Eucharistia
1188 1757 1218 1829 si
1233 1775 1295 1851 po·

70 1867 173 1952 merit,
188 1865 245 1940 sin
269 1868 381 1940 miuus
398 1867 504 1940 elicita
519 1866 628 1941 cordis
645 1867 851 1953 contritione,
872 1868 951 1940 lesu
969 1874 1001 1941 et
1016 1869 1138 1942 Mariae
1153 1867 1295 1944 Nomina

70 1997 120 2052 ore
144 1979 174 2052 si
203 1979 360 2074 potuerit,
378 1979 524 2072 aloquin
540 1971 641 2052 corde
657 1975 775 2053 saltem
792 1979 1003 2066 invocaverit,
1021 1979 1204 2054 Plenariam
1221 2000 1294 2056 om·

70 2091 157 2164 nium
182 2099 400 2186 peecatomm
424 2110 562 2166 suorum
578 2089 827 2177 remissionem,
854 2096 888 2165 et
910 2090 1151 2184 indulgentiam
1176 2112 1294 2171 conse·

69 2209 198 2295 matur.
225 2199 372 2290 Quilibet
396 2217 513 2277 omnes
531 2205 563 2278 et
579 2202 726 2296 singulas
743 2201 906 2297 praelatas
922 2199 1148 2296 indulgentias
1165 2208 1200 2279 et
1214 2223 1293 2300 pec·

68 2319 214 2390 catorum
239 2313 456 2390 remissiones
480 2331 543 2390 nec
567 2335 636 2390 uon
661 2311 938 2408 poenitentiarum
970 2313 1210 2400 relaxationes,
1237 2325 1294 2393 ant

69 2427 134 2521 ipse
160 2425 322 2522 adipisci,
349 2433 406 2502 ant
428 2425 596 2503 Fidelilrns
620 2423 791 2502 memneris
815 2442 877 2521 per
900 2425 1039 2501 modum
1057 2425 1210 2521 snnragii
1234 2448 1293 2525 ap·

69 2541 188 2634 plicare
213 2537 332 2614 valeat.
357 2539 520 2615 Sanctitas
546 2541 613 2614 Sua
645 2536 839 2626 declaravit,
857 2539 950 2633 qnod
966 2537 1131 2634 eiusmodi
1158 2537 1292 2617 Numis-

69 2661 151 2728 mata
168 2669 235 2728 sen
258 2649 438 2740 lledalliae,
456 2671 542 2747 quae
558 2673 626 2728 non
643 2653 766 2728 luerint
781 2653 976 2729 benedictae
1001 2673 1021 2727 a
1045 2653 1200 2748 praelatis
1225 2652 1294 2732 llo-

70 2763 193 2852 ments,
211 2763 267 2840 vel
282 2765 406 2860 quihus
422 2765 465 2840 ab
481 2765 670 2861 Apostolica
686 2765 774 2841 Sede
795 2785 839 2842 eu
855 2765 990 2862 speclall
1007 2769 1110 2861 gratia
1126 2764 1292 2844 indultum

71 2877 172 2966 merit,
201 2879 295 2952 omni
318 2880 472 2973 poenitus
497 2885 607 2955 mreat
629 2873 845 2972 indulgentia.
862 2880 901 2954 ln
917 2877 1156 2956 intubuendis
1178 2879 1294 2977 hujus·

70 2991 157 3066 modi
174 2987 451 3079 Numismatilrns,
468 3009 653 3086 commuue
669 3009 734 3066 usu
750 2991 876 3068 Eadem
894 2991 1056 3068 Sanctitas
1081 2991 1149 3069 Sua
1167 2991 1292 3071 servari

68 3105 156 3194 iubet
181 3103 357 3178 decretum
372 3105 426 3178 tel.
444 3123 510 3180 rec.
536 3100 718 3178 Alexandri
733 3101 792 3178 vil
809 3104 935 3179 editum
951 3103 1016 3179 suh
1033 3103 1087 3179 die
1105 3108 1127 3177 d
1144 3103 1290 3182 Februa-

71 3217 104 3288 ri
125 3221 218 3288 lttlll
237 3215 396 3290 nimirum
413 3222 450 3290 ut
465 3215 672 3291 Numlsmata
688 3233 776 3308 puae
791 3217 892 3308 volgo
907 3214 1074 3290 ltledallias
1098 3233 1293 3310 nuncupan-

70 3333 118 3400 tur
132 3347 211 3402 cum
224 3328 379 3422 praelatis
395 3327 611 3420 indulgentiis
627 3325 813 3411 benedicta,
837 3346 906 3401 uon
926 3332 1096 3402 transeant
1107 3345 1288 3421 personam

71 3438 195 3514 dimum
233 3440 359 3533 quibus
387 3439 601 3515 allonaclris
626 3437 803 3532 praedictis
827 3438 1062 3525 concedentur,
1089 3446 1146 3513 aut
1166 3440 1290 3536 quihus

72 3551 109 3624 ab
119 3553 171 3626 lim
185 3552 295 3646 prima
312 3553 384 3626 vice
397 3551 646 3637 distribuentur,
663 3569 727 3626 uec
742 3549 962 3639 commodari,
979 3557 1036 3625 aut
1052 3552 1201 3645 precario
1218 3550 1290 3626 dari

75 3667 128 3738 ant
149 3663 248 3740 rendi
273 3663 420 3750 valeant,
447 3661 594 3757 alioquin
618 3667 753 3738 careant
775 3660 990 3756 indulgentiis
1011 3665 1080 3758 jam
1104 3666 1289 3752 concessis,

74 3777 232 3871 malque
258 3773 429 3870 deperdita
454 3773 554 3851 altera
578 3794 640 3871 pro
664 3795 703 3852 ea
728 3777 902 3871 subrogari
926 3775 1018 3852 nullo
1041 3775 1143 3852 modo
1167 3779 1288 3873 possit,

75 3889 134 3962 n'si
155 3907 175 3963 a
197 3887 323 3984 quiem
347 3905 450 3983 sopra
472 3887 649 3964 benedicta
673 3887 782 3976 tuerit,
808 3907 1022 3983 quocumque
1046 3887 1217 3985 privilegio
1234 3893 1292 3968 aut

77 4002 282 4078 concessione
305 4001 341 4076 ln
366 4001 566 4077 contrariom
591 4017 660 4077 non
684 4001 848 4078 obstante.
873 4002 1015 4098 insuper
1039 4017 1199 4098 expresse
1215 4021 1291 4100 pro·

76 4113 169 4201 libet,
194 4137 237 4192 ne
260 4117 318 4212 qai
345 4115 518 4204 Sacerdos,
544 4117 615 4192 slve
639 4113 841 4206 Saecularis,
867 4116 939 4192 sire
964 4115 1205 4211 cujuscumque
1230 4115 1290 4194 Or-

77 4227 157 4303 dinis
178 4233 359 4328 llegularis,
385 4233 503 4327 quads
528 4232 627 4310 etiam
644 4231 801 4328 dignitate
817 4229 994 4326 insignitos
1011 4221 1105 4306 extra
1123 4233 1289 4328 praelatos

77 4341 254 4433 diomedes,
281 4346 335 4424 rel
359 4345 483 4440 quibos
508 4365 528 4422 a
551 4347 588 4421 S.
613 4345 702 4422 Sede
726 4363 770 4422 er
786 4343 921 4442 speciali
934 4341 1107 4441 privilegio
1123 4341 1290 4421 indultum
