3130 4920
783 361 999 432 -278-

282 499 361 576 Pius
385 499 447 575 PP.
472 495 518 576 111
542 497 697 574 omnibns
713 497 889 594 utriusque
905 514 1010 575 sexus
1027 495 1303 573 Gbristilldeiibns
1326 501 1404 570 vera
1420 510 1493 590 pos·

281 613 464 688 nitentibus
489 611 650 688 confessis
668 631 706 687 ac
722 613 756 686 S.
779 613 1023 688 communione
1046 611 1195 698 reiectis,
1221 612 1280 705 qul
1301 609 1441 703 aliquam
1456 627 1495 683 er

280 723 437 800 1177177117
462 725 562 800 711717
587 727 778 802 1177171717
800 738 1089 820 quorumcumque
1105 725 1339 800 conventuum
1355 721 1496 797 71171107-

281 833 369 912 dinis
393 843 462 912 tam
485 837 648 914 hactenus
673 840 809 926 7777117,
836 856 938 932 quam
968 841 1003 912 ln
1028 845 1201 933 posterum
1225 835 1496 930 quandocumque

281 949 465 1043 erigendis,
496 969 535 1025 ac
566 951 772 1046 ubicumque
802 953 953 1026 locorum
984 948 1204 1026 existentibus
1232 946 1353 1024 diebus
1385 945 1496 1041 quibus

280 1063 553 1138 commemoratio
578 1063 688 1139 obitus
713 1067 747 1138 S.
775 1063 930 1158 Birgittae
954 1063 1113 1160 praedicti
1138 1063 1271 1138 Ordinis
1291 1061 1496 1144 Fundatricis,

283 1194 323 1248 ac
347 1177 382 1252 S.
409 1177 605 1252 catharinae
629 1179 702 1270 ejus
725 1179 826 1252 Filiae
850 1179 1009 1252 celebrari
1026 1179 1203 1271 contingat,
1220 1194 1240 1250 7
1259 1175 1377 1271 primis
1392 1189 1498 1267 vespe-

279 1289 327 1362 ris
352 1289 530 1383 usquead
559 1307 715 1364 occasum
745 1289 825 1365 solis
856 1291 988 1366 dierum
1019 1289 1213 1384 hujusmodi
1244 1289 1384 1382 singuiis
1413 1287 1497 1359 annis

281 1398 402 1475 devoto
426 1402 641 1488 visitaverint,
666 1403 782 1495 ibique
805 1422 866 1496 pro
883 1404 1146 1479 Christianorum
1167 1401 1360 1495 Principum
1377 1417 1499 1473 concor·

281 1511 346 1598 dia,
372 1513 552 1588 haeresum
577 1515 807 1608 extirpatiooe,
834 1533 872 1589 77
901 1515 935 1588 S.
968 1506 1081 1590 llatris
1112 1514 1280 1589 Ecclesiae
1312 1512 1498 1588 7771177777

279 1625 354 1718 pias
379 1625 554 1701 77111777]
579 1647 697 1720 preces
720 1627 883 1714 ludovini,
908 1623 1093 1702 Plenariam
1122 1628 1273 1701 omnium
1297 1631 1498 1720 pcccatorum

280 1756 420 1813 suorum
445 1741 687 1833 indulgentiam
713 1761 752 1815 ao
775 1741 1008 1818 remissionem
1032 1741 1290 1816 misericorditer
1314 1742 1350 1813 in
1370 1739 1498 1812 nummo

280 1849 457 1926 concessit.
483 1841 662 1947 voluitque
686 1855 813 1930 Eadem
838 1856 1002 1930 Sanctitas
1027 1853 1095 1928 Sua
1119 1853 1206 1928 hano
1226 1853 1368 1947 77711717
1384 1847 1499 1942 absque

146 1947 152 1967 '
278 1961 347 2036 717
358 1959 473 2039 Brevis
486 1966 698 2060 expeditione
710 1969 880 2064 perpetuis
893 1965 1011 2042 1717717
1023 1966 1231 2062 temporibus
1243 1965 1314 2040 iore
1325 1965 1497 2038 valituram.

353 2075 475 2152 ilatum
499 2079 625 2154 Romae
650 2099 694 2156 ex
719 2081 901 2157 secretaria
926 2082 999 2154 San.
1027 2079 1299 2173 congregationis
1324 2073 1497 2169 indulgent

280 2183 334 2264 dte
361 2191 406 2264 111
432 2191 540 2269 1177111
559 2195 665 2269 1777.
1180 2219 1182 2223 v

931 2305 963 2379 l.
990 2305 1026 2380 G.
1052 2307 1104 2380 De
1129 2306 1286 2380 Somulio
1313 2305 1435 2379 sacrat.

800 2502 981 2577 CCCLXX.

352 2637 511 2724 Quamvis
536 2639 609 2714 Sao.
635 2639 854 2736 congregatio
879 2643 1114 2736 indulgentiis,
1147 2641 1325 2735 sacrisque
1352 2631 1497 2729 llelquils

276 2751 466 2840 praeposita
491 2751 544 2824 cui
570 2751 770 2828 demandata
795 2759 846 2830 est
871 2775 951 2830 cura
975 2757 1061 2830 circa
1093 2759 1218 2830 rectam
1247 2762 1281 2828 71
1310 2751 1497 2846 prurientem
1541 2837 1542 2850 ᾗ

277 2857 560 2951 indulgentiarum
587 2863 919 2953 administrationem,
945 2887 1056 2960 usque
1081 2867 1123 2941 ab
1150 2885 1238 2941 anno
1258 2869 1354 2938 roro
1372 2865 1497 2937 interro·
1541 2943 1542 2966 Ν

277 2977 352 3061 gata
377 2989 464 3066 quae
489 2984 603 3051 777771
627 2974 857 3072 Indulgentiae
882 2979 1083 3067 5171177777,
1099 2980 1268 3073 plenariae
1285 2996 1340 3065 ue,
1368 2994 1410 3050 an
1433 2991 1498 3068 par·

276 3083 381 3171 tiales,
407 3085 538 3165 dierum
564 3091 617 3165 vel
642 3111 807 3168 annornm
833 3091 1035 3179 decreverit,
1061 3093 1287 3187 indulgentias
1312 3087 1497 3166 stationalvs

275 3195 472 3290 simpliciter
497 3203 724 3278 enunciandas
749 3225 842 3292 esse,
869 3226 938 3282 non
969 3203 1123 3281 addendo
1151 3206 1320 3300 plenariae
1346 3205 1420 3278 illae
1442 3199 1498 3274 sint

276 3325 320 3382 an
343 3311 517 3406 partiales3
543 3318 687 3392 attamen
707 3337 784 3394 cum
801 3319 911 3394 eidem
928 3321 1002 3394 Sao.
1020 3319 1276 3413 congregationi
1293 3313 1495 3412 postmoom

275 3415 466 3510 innotuerit,
493 3427 671 3503 nonnullos
697 3429 797 3504 etiarn
821 3432 1071 3506 Ecclesiasticos
1093 3432 1193 3517 71777,
1221 3435 1322 3524 atquo
1347 3425 1495 3504 Ecclesia·

275 3541 352 3605 vum
377 3533 535 3611 llectores
561 3540 657 3615 allato
682 3544 823 3618 11777717
842 3545 977 3619 minime
995 3543 1260 3638 acquiescentes,
1284 3535 1494 3616 diversimode

274 3643 506 3740 interpretatos
531 3651 635 3728 luisse
660 3656 887 3750 indulgentias
913 3653 1491 3750 7177777177,77777771777717·

273 3756 327 3850 pis
353 3757 448 3834 7711117
474 3763 558 3839 mire
583 3761 671 3842 inter
696 3787 734 3842 se
751 3769 978 3863 discrepantes
996 3772 1031 3843 in
1047 3770 1167 3863 vulgus
1184 3770 1399 3864 prodierunt;
1415 3779 1492 3839 777·

275 3887 343 3960 que
366 3871 445 3947 inde
470 3877 610 3952 relatum
636 3879 744 3965 luerit,
771 3882 920 3975 plurima,
932 3883 1098 3976 originem
1115 3882 1254 3956 duxisse
1279 3881 1368 3956 inter
1390 3875 1493 3951 fideles

274 3979 420 4072 dissidia,
447 3987 573 4063 abusus
600 3998 633 4066 71
657 3989 831 4080 77777717,
857 3991 936 4069 bino
960 4003 998 4070 71
1023 3997 1085 4070 ista
1110 3997 1244 4090 penitus
1269 3997 1490 4067 amoveantur,

272 4101 377 4188 utque
403 4098 642 4178 Christifideles
668 4107 754 4181 scire
785 4110 926 4201 possint,
958 4103 1040 4200 quid
1069 4108 1133 4182 sibi
1162 4107 1441 4200 indulgentiarum
1462 4100 1491 4171 in

270 4203 466 4298 hujusmodi
496 4215 700 4292 stationibus
734 4219 899 4294 obeundis
929 4237 1128 4294 conoessum
1152 4221 1213 4312 sit3
1247 4221 1347 4294 Sacra
1378 4213 1491 4290 Eadem

270 4315 491 4420 Congregatio
524 4327 635 4408 habita
668 4331 702 4405 in
737 4331 860 4407 Palatio
893 4331 1052 4444 Quirinali
1085 4331 1140 4410 die
1175 4333 1195 4404 7
1222 4329 1297 4411 tulii
1328 4331 1421 4405 1777
1445 4342 1491 4406 77,
