3164 4926
613 373 829 438 -lll-

99 511 273 600 sequatur,
301 506 347 580 ita
371 513 410 581 ut
433 504 587 598 ejrrsdem
620 507 754 580 Domini
778 505 887 580 Nostri
912 505 992 582 lesu
1017 503 1156 596 Christi,
1182 521 1221 578 ao
1247 505 1329 582 Bea-

97 621 243 694 tissimae
268 618 419 710 Virginis
435 619 570 703 Mariae,
588 618 854 711 sanctorumque
870 620 1020 693 omnium
1037 618 1164 692 neuris
1179 618 1244 693 sibi
1259 618 1331 692 sul·

94 732 303 824 uagantibus
321 749 342 804 a
357 731 542 824 Purgatoffi
559 733 677 825 poenis
693 731 851 806 liberetur
867 731 1013 824 benigne
1028 731 1209 815 oonoessit,
1231 736 1333 822 amno

93 844 240 918 indulsit
259 844 435 918 Praesenti
449 843 486 916 in
502 851 703 937 perpetuum
720 845 871 920 valituro.
886 845 1067 937 voluitque
1082 843 1246 920 Sanctitas
1263 843 1331 918 Sua

96 955 179 1029 bane
205 957 352 1048 gradun
375 957 551 1054 suflragari
576 957 706 1050 absque
729 958 796 1031 ulla
820 959 935 1032 Brevis
960 957 1202 1050 expedictione.

163 1069 293 1144 barum
318 1071 446 1144 Romae
470 1068 526 1144 die
550 1073 597 1142 22
622 1070 821 1146 Novembris
846 1069 944 1156 Anno
972 1075 1079 1145 litt.

619 1181 677 1254 Fa.
703 1184 731 1256 J.
758 1183 862 1256 cono.
888 1183 1153 1256 Ponroonnnnao
1178 1181 1300 1254 Pruna.

588 1297 627 1368 Α.
654 1298 701 1370 Μ.
727 1297 822 1370 Eudo
846 1297 941 1370 Prot
965 1295 1179 1388 apostolicus
1205 1295 1329 1368 Seruo.

623 1493 814 1568 CLXXXV.

414 1638 542 1692 odorum
567 1639 594 1692 S.
616 1635 718 1695 'eruut
743 1641 833 1694 PRffll
858 1639 1023 1694 nmmos

166 1743 224 1817 Ad
236 1743 443 1818 humillimas
456 1763 573 1839 preoes
593 1747 646 1818 Fr.
667 1747 834 1820 Francisei
859 1744 1050 1821 lloraebiub
1075 1741 1227 1816 moderni
1253 1741 1332 1814 Νι.

100 1855 232 1928 Ordinis
258 1857 294 1928 S.
309 1858 402 1930 Pauli
418 1859 520 1930 Primi
531 1860 697 1932 Eremitae
710 1859 935 1934 Procuratoris
949 1857 1139 1942 Generalis,
1158 1853 1332 1930 supermi-

99 1987 172 2040 mus
198 1969 365 2041 Dominus
389 1969 508 2044 Noster
524 1971 723 2044 Benedictus
748 1971 809 2044 PP.
836 1971 913 2044 lllll
934 1971 1115 2044 elementer
1130 1966 1278 2050 indulsit,
1296 1970 1333 2038 ut

101 2099 218 2156 omues
245 2089 282 2154 et
305 2083 456 2174 singulae
481 2084 602 2158 Missae
627 2101 715 2176 quae
739 2103 801 2176 pro
827 2085 936 2158 auium
953 2085 1196 2177 oujusnumque
1212 2078 1335 2152 Fratris

103 2195 305 2288 Presbyteri,
332 2196 460 2279 Cleriui,
486 2197 539 2268 rel
563 2197 652 2268 Lairi
670 2195 804 2270 Ordinis
821 2194 998 2288 ejusmodi,
1016 2212 1103 2286 quae
1119 2195 1189 2266 beo
1206 2193 1242 2266 ln
1258 2191 1335 2264 oba-

101 2308 194 2380 ritate
220 2309 400 2399 conjunc-ta
424 2309 468 2380 ab
493 2309 555 2381 bae
579 2307 654 2382 lure
678 2308 878 2400 migrarent,
905 2308 941 2380 iu
967 2308 1132 2398 cujusque
1156 2302 1261 2388 obitu,
1283 2303 1337 2374 uel

102 2419 160 2490 alia
186 2418 244 2492 diu
269 2419 364 2510 Juxta
388 2421 539 2512 ipsorum
565 2421 824 2510 constitutiones
850 2418 1009 2492 celebrari
1035 2417 1154 2500 solent,
1171 2414 1216 2488 ad
1232 2413 1337 2504 quod-

104 2532 180 2604 libet
196 2533 312 2604 rlltare
327 2533 569 2624 cujuscumque
585 2533 753 2606 Ecclesiae
769 2531 923 2625 ejusdem
939 2529 1086 2614 Ordinis,
1101 2535 1169 2602 tam
1196 2531 1336 2612 erectae,

105 2663 205 2736 quam
230 2645 269 2716 in
292 2651 466 2736 posterum
492 2643 669 2736 erigendae
691 2646 958 2729 celebrabuntur,
984 2643 1116 2717 animae
1132 2637 1336 2734 hujusmodi,

105 2775 164 2847 pro
188 2775 259 2848 qua
284 2755 469 2831 celebratae
493 2757 625 2842 luerint,
652 2757 793 2850 perinde
818 2758 1051 2850 sullragoutur,
1069 2773 1108 2828 ao
1124 2755 1153 2828 si
1170 2753 1213 2827 ad
1227 2752 1338 2826 Allare

106 2869 352 2961 Pririlogiatum
378 2871 562 2944 celebratae
587 2871 738 2943 luissent.
764 2872 837 2945 Non
858 2871 1067 2944 obstantibus
1084 2870 1120 2941 iu
1136 2867 1338 2939 eontrarium

108 2979 303 3054 ouendbus
328 2980 607 3073 quibuscumque.
634 2981 803 3054 Praesenti
830 2981 864 3052 iu
888 2985 1090 3072 perpetuum
1105 2977 1255 3050 valituro.
1273 2975 1339 3047 llo

109 3093 232 3186 luitque
259 3095 423 3166 Sanctitas
448 3097 515 3168 Sua
541 3096 627 3168 bauo
652 3095 791 3186 gratiam
807 3093 980 3184 suffragari
998 3092 1126 3183 absque
1142 3089 1209 3163 ulla
1224 3087 1340 3161 Brevis

111 3207 350 3301 mpeoiuione.
379 3209 498 3282 Datum
524 3209 651 3282 Romae
677 3208 732 3282 die
758 3212 804 3278 22
830 3205 1028 3280 Nouembris
1056 3207 1161 3275 otto.

629 3323 688 3393 Fa.
715 3322 743 3393 l.
771 3320 873 3392 Coro.
901 3320 1165 3392 Porroonnrruno
1192 3315 1314 3388 Pnaur.

588 3435 628 3506 A.
655 3435 701 3508 ol.
728 3433 824 3507 Eudo
847 3431 942 3504 Prot.
969 3429 1182 3524 Apostotuos
1209 3427 1331 3500 &oret

624 3630 830 3705 CLXXXVI.

181 3767 422 3842 smorissimus
447 3769 609 3842 Dominus
635 3771 754 3844 Noster
770 3768 863 3841 Bulla
889 3767 985 3859 eujus
1001 3771 1052 3840 est
1069 3763 1200 3838 initium
1228 3762 1343 3836 «dorm

118 3899 171 3954 uos
183 3889 270 3956 etc.»
290 3901 400 3975 nuper
414 3881 501 3954 edita
515 3901 617 3975 super
629 3881 912 3972 Indulgentiarum
925 3878 1150 3972 suspensione
1161 3875 1345 3950 reservavit

119 4011 157 4064 ne
168 3994 247 4068 duur
261 3997 426 4068 Altarium
439 3995 608 4088 priuilegia
625 4012 741 4067 verum
759 3995 860 4066 etiarn
882 3999 1031 4066 ooeteras
1044 3989 1270 4080 Indulgentias
1282 4004 1344 4078 pro

120 4104 203 4182 lir'u
218 4126 410 4194 ooocessas‚
428 4107 611 4182 dummodo
628 4126 690 4201 pro
706 4105 877 4180 Delunotis
893 4105 1101 4198 applicentur
1116 4109 1155 4176 ut
1170 4099 1345 4192 sequentia

122 4223 213 4296 rerba
225 4225 388 4299 denotant
407 4252 420 4286 ι
436 4226 522 4297 ltem
538 4225 642 4298 soluts
659 4229 692 4299 et
711 4224 819 4318 fiunis
843 4219 1096 4294 reumoeotr'bus
1120 4213 1345 4308 indulgentiis

126 4334 283 4412 Alturr'rurr
296 4338 603 4432 privilegiatorum
611 4357 680 4432 pro
694 4335 866 4414 ordeolus
878 4331 1054 4427 Dotituctt's
1069 4329 1214 4422 αλίὶςᾳιιε
1227 4325 1346 4402 rodem
