3120 4924
779 417 839 436 ...„
852 384 924 453 260
950 415 1012 434 ...,

276 523 506 604 confratribus
529 521 682 617 ejnsrlem
705 519 832 594 ordinis
852 519 1088 594 Sanctissimae
1103 519 1271 593 Trinitatis
1290 519 1489 596 Disealeeato

275 657 363 724 rum,
390 635 448 730 qut
465 635 583 709 saltem
608 633 709 709 corde
725 636 855 708 contriti
873 631 1027 708 eamdem
1047 631 1299 706 sanctissimam
1314 631 1489 707 iunicum

275 751 481 834 invocarent,
505 766 653 842 sequens
669 746 997 840 trisagiumoevote
1021 745 1198 819 recitantes
1221 745 1400 829 «Sauum
1418 748 1490 818 Sou-

275 868 360 947 ctes,
388 863 532 936 summm
556 861 722 934 Dominus
747 862 839 934 Deus
863 860 1085 940 eaecitatem,
1104 859 1213 950 ptam
1239 861 1287 932 ost
1310 861 1401 932 teau
1425 857 1490 930 Dte

275 977 334 1052 rio
362 977 448 1058 Tuo,
476 974 733 1056 compatri,
761 973 894 1048 Gloria·
907 972 1015 1054 Filio,
1043 970 1336 1064 Glorio.Spiritoi
1362 971 1489 1044 Secuto:

275 1095 410 1164 neutuna
423 1086 574 1188 ‚merum
598 1085 854 1181 indulgentiam,
880 1085 985 1159 semel
1009 1085 1045 1158 iu
1069 1082 1142 1173 rlie;
1167 1083 1203 1156 in
1223 1082 1401 1156 Dominicis
1423 1097 1490 1154 uero

275 1207 310 1276 et
333 1201 369 1274 in
392 1200 478 1274 testo
503 1199 737 1274 Sanctissimae
763 1199 947 1282 Trinitatis
974 1215 1013 1269 ae
1037 1215 1098 1288 per
1122 1201 1225 1268 totam
1252 1195 1326 1286 eius
1348 1195 1490 1266 Octavam

274 1319 326 1388 ter
349 1313 384 1385 iu
409 1311 556 1404 qualibet
582 1311 804 1404 praelatarum
837 1310 968 1383 dierum
993 1307 1189 1382 lucrandam
1213 1307 1395 1391 concessit,
1420 1307 1491 1377 San·

276 1421 443 1497 ctissimns
468 1421 631 1496 Dominus
656 1423 775 1495 Noster
800 1420 955 1494 Clemens
972 1422 1034 1494 ΡΡ.
1052 1421 1129 1493 XIV
1146 1419 1190 1492 ad
1205 1421 1339 1493 iteratas
1356 1417 1491 1512 ejnstlem

274 1535 499 1609 Procuraturis
524 1535 696 1608 Generalis
720 1551 837 1627 preces
853 1535 1000 1625 henigne
1024 1533 1201 1606 inclinatus
1218 1531 1383 1605 concessit
1397 1529 1492 1604 ludul-

275 1647 424 1742 gentiam·
453 1647 637 1720 Plenariam
670 1647 775 1720 semel
801 1647 835 1718 iu
860 1664 980 1747 mense
1013 1643 1206 1720 lucrandam
1232 1645 1274 1718 ab
1301 1644 1423 1717 iisdem
1439 1645 1490 1714 Re·

274 1759 455 1854 galeribus,
483 1764 516 1832 et
540 1758 768 1860 commatribus
793 1759 852 1850 qui
879 1757 1027 1850 qnotidie
1053 1775 1294 1850 parmensem
1325 1754 1491 1849 praelatum

274 1870 458 1962 trisagium
485 1869 604 1944 deuote
622 1870 842 1955 recitaverint,
860 1869 915 1943 die
932 1888 1055 1961 nempe
1072 1869 1115 1942 ab
1132 1886 1340 1960 unoquoque
1359 1864 1491 1959 eligenda

274 1981 311 2066 in,
335 2000 401 2074 qua
424 1999 503 2054 tere
528 1981 738 2074 poenitentes
756 1982 901 2055 confessi
918 1998 956 2055 au
972 1981 1007 2053 S.
1025 1980 1270 2054 Communium
1287 1980 1400 2054 relecti
1412 1981 1492 2070 jura

274 2099 422 2176 mentem
447 2092 634 2166 sanctitatis
667 2095 755 2166 Suae
781 2094 852 2184 pias
879 2092 922 2164 ad
945 2093 1052 2166 Deum
1079 2109 1197 2184 preces
1227 2090 1412 2164 effuderint.
1435 2089 1490 2160 tlu-

273 2205 401 2299 luitque
417 2203 542 2278 Eadem
560 2205 723 2278 Sanctitas
739 2207 807 2277 Sua
832 2205 919 2278 hano
945 2205 1083 2296 gratiam
1100 2204 1270 2296 perpetuis
1292 2203 1408 2278 tuturis
1421 2207 1490 2274 tom

275 2319 412 2414 poribus
438 2317 566 2409 absque
591 2318 657 2390 ulla
682 2318 796 2391 Brevis
821 2317 1034 2409 expeditione
1059 2317 1134 2389 lore
1154 2317 1341 2390 valituram.
1380 2313 1395 2343 Γ

346 2431 467 2503 Datum
493 2430 619 2502 ltomau
643 2447 687 2502 es
712 2429 895 2503 secretaria
920 2430 994 2502 Sao.
1025 2427 1301 2520 congregationis
1330 2427 1488 2517 indulgen·

274 2543 394 2617 Darem
418 2539 474 2614 die
500 2545 547 2614 30
571 2541 716 2615 tannarii
746 2544 850 2614 l770.

948 2643 985 2724 i.
1012 2652 1116 2724 Canu.
1142 2651 1285 2724 carmos
1312 2652 1429 2724 Pmnr.

1016 2766 1050 2838 S.
1075 2764 1209 2856 Duratio
1236 2765 1360 2852 Secret.

787 2959 1005 3035 cccxcvii

516 3105 645 3160 oaumrs
671 3107 720 3160 au.
748 3104 1016 3159 caaeuomuoaun
1042 3105 1069 3160 s.
1097 3103 1266 3158 remorsu

347 3209 401 3286 Ad
424 3212 627 3286 humillimas
659 3231 777 3307 preces
803 3214 855 3286 Fr.
882 3211 1023 3286 Erhardi
1048 3211 1091 3286 de
1115 3211 1355 3306 ltadkerspnrg
1385 3211 1488 3282 Proco-

276 3324 395 3396 ratoris
420 3324 591 3398 Generalis
621 3324 754 3400 Ordinis
783 3325 861 3400 ltllu.
887 3327 920 3398 S.
939 3324 1105 3398 Francisoi
1125 3325 1409 3417 Cappuuciuornm
1424 3318 1489 3392 Sao·

274 3435 443 3510 ctissimus
458 3435 621 3510 Dominus
649 3437 769 3512 Noster
798 3437 954 3512 Clemens
978 3436 1040 3509 ΡΡ.
1066 3437 1143 3510 Xlll
1160 3436 1305 3526 benigue
1333 3431 1488 3506 inclinatos

275 3547 441 3621 concessit
457 3547 614 3622 omuibus
630 3549 807 3642 utriusque
823 3567 927 3623 serus
952 3545 1241 3630 consttutionem,
1259 3546 1318 3638 qtri
1338 3561 1413 3618 vere
1427 3553 1488 3631 ooo

274 3659 429 3745 nitentes,
456 3659 611 3745 confessi,
628 3667 662 3736 et
678 3661 712 3734 S.
727 3661 983 3735 ‚commuuione
999 3658 1112 3734 relecti
1129 3659 1275 3751 aliquam
1292 3675 1335 3731 ex
1351 3645 1487 3730 Ecclesis

275 3773 524 3847 provinciarum
548 3773 659 3851 ltaliae
684 3774 718 3846 in
744 3773 868 3866 quihus
894 3792 955 3867 per
980 3774 1111 3846 Fratres
1128 3768 1280 3863 ejusdem
1305 3764 1432 3842 Ordinis
1445 3758 1487 3832 Di
1538 3831 1539 3836 a

275 3883 353 3960 uiua
377 3881 493 3958 Officia
517 3903 579 3959 sen
603 3885 834 3960 Ecclesiastico
859 3886 1071 3958 Sacramenta
1097 3881 1368 3956 administrantur
1386 3875 1486 3950 derue

275 3991 491 4084 visitaverint,
516 4001 552 4070 et
573 3995 620 4069 ibi
645 4015 706 4090 per
731 3996 868 4090 aliquod
890 3981 1051 4090 temporis
1076 3994 1221 4088 spatium
1243 3995 1339 4086 juxta
1357 3990 1486 4062 mentem

275 4105 463 4184 &uelutis
487 4107 576 4184 Suae
600 4125 719 4202 preces
744 4109 932 4195 effuderint,
958 4115 995 4184 ut
1021 4125 1078 4184 eas
1103 4124 1222 4184 omncs
1239 4112 1273 4180 et
1288 4101 1429 4196 singulas
1445 4095 1486 4167 111·

275 4217 462 4314 ingenuas
484 4227 522 4296 at
544 4227 756 4317 peccaturum
773 4223 1002 4296 Remissiones
1026 4239 1066 4295 ac
1081 4219 1359 4315 pmuimntarnm
1378 4211 1485 4288 mitta·

275 4327 384 4404 tonos
407 4339 666 4424 museuuautur,
682 4352 769 4428 quas
785 4341 1071 4430 consequerentur
1088 4333 1117 4408 si
1138 4331 1285 4426 anquam
1300 4347 1344 4406 cx
1361 4316 1484 4423 propris
