3134 4918
596 367 813 430 -999-

166 507 194 572 o.
218 503 269 572 m
295 501 333 572 ia
356 500 521 595 facultate
538 503 614 574 aS
643 499 727 574 Sede
749 518 909 574 caucaso
935 497 1153 574 bocediooudi
1173 521 1237 594 pro
1256 522 1316 576 uu·

101 631 181 684 uero
203 613 291 686 tuito
319 613 452 694 auca,
472 612 669 706 Crucifaos,
696 614 928 686 Numlsmoto
935 616 995 685 etc.
1014 613 1108 684 ilaec
1130 615 1237 687 amba
1251 635 1316 708 pro

100 743 224 797 numero
247 725 337 798 mille
362 724 584 818 iuteltiqeuda
609 727 675 798 siut
701 723 744 800 dc
759 725 853 798 atille
880 725 1052 807 Crucibus,
1079 726 1173 798 mille
1196 728 1315 802 Cruci·

99 837 174 928 fris,
198 837 292 910 mille
318 837 589 910 Numismotibus
614 839 705 909 etc?

158 947 425 1040 despondetur«
437 950 606 1040 Negatise,
633 949 695 1024 sed
719 949 842 1023 milio
835 969 869 1021 m
894 956 1049 1024 totam.
1120 977 1125 984 ·

160 1059 207 1130 7.⁰
231 1062 286 1132 Aa
311 1061 370 1151 qui
395 1061 540 1134 obtinuit
555 1061 757 1154 facultatem
774 1061 993 1136 benedicendi
1020 1062 1174 1136 Gorouos
1197 1083 1315 1156 preco-

97 1171 201 1252 torias,
227 1171 414 1265 iisdemque
439 1174 674 1264 todalqentias
699 1174 926 1267 impertiendi,
953 1174 1080 1247 babeat
1102 1176 1232 1266 absquo
1246 1197 1316 1270 spc-

96 1283 166 1354 a'ati
186 1284 368 1376 priuilcqio
393 1284 595 1378 facultatem
621 1301 753 1377 quoque
780 1284 1008 1368 benedicendi,
1036 1291 1066 1358 al
1093 1285 1230 1359 mosoll
1258 1289 1314 1361 lu·

95 1391 263 1486 dutqmttis
290 1397 442 1469 Corouos
469 1399 618 1478 bomini,
645 1399 747 1490 outqo
774 1397 883 1472 dictas
908 1397 1237 1472 Gamaldulensiami
1355 1495 1358 1500 Ι

153 1505 388 1600 Respondetur
413 1509 641 1600 «Negalive».

154 1618 203 1689 8.⁰
229 1619 283 1690 Aa
308 1619 434 1712 fideles,
460 1622 520 1711 qui
544 1639 613 1694 uon
639 1621 853 1694 iuteudereut
877 1623 1023 1695 recitare
1051 1625 1221 1696 Coronam
1234 1644 1313 1716 pre·

93 1731 262 1812 colomam
288 1731 435 1802 recitant
461 1732 631 1822 quasdam
652 1753 770 1826 preces
787 1753 893 1805 mauu
911 1739 1023 1806 999999
1051 1736 1221 1807 Coronam
1246 1738 1315 1810 siue

93 1840 228 1922 uomet,
255 1843 326 1914 sive
350 1844 481 1916 uectae
505 1845 660 1935 lirqiuis,
687 1851 720 1918 et
744 1865 858 1936 praua
883 1849 1029 1929 oolocut,
1055 1850 1235 1922 lucrantur
1249 1869 1314 1942 pro

92 1969 284 2045 unaquoque
300 1953 407 2038 Pater,
432 1957 487 2028 ael
512 1957 594 2038 sve,
612 1959 666 2031 oel
683 1957 801 2041 Credo,
819 1961 873 2031 vel
896 1959 971 2031 alia
996 1961 1153 2036 oratioue
1178 1959 1315 2034 cosdem

91 2063 326 2156 lodulqcutias,
353 2084 439 2155 quas
464 2068 530 2159 ipsi
556 2069 775 2150 lucrarentur
794 2089 862 2162 pro
888 2069 1009 2143 iisdem
1030 2073 1198 2162 precibus,
1215 2073 1245 2146 si
1260 2093 1313 2146 re-

90 2177 224 2250 citarent
252 2179 424 2252 09999999
446 2181 712 2271 precatoriam?
759 2225 763 2230 -
1268 2223 1271 2228 ·

152 2288 386 2384 Respaodatur
410 2293 641 2384 «Negotiis».

152 2401 202 2474 9.ο
228 2404 284 2474 Aa
309 2404 368 2493 qui
394 2403 545 2494 quotidie
570 2405 693 2480 recitat
708 2407 881 2497 tiqreercum
899 2405 982 2478 Verri
999 2405 1136 2478 cremor
1160 2404 1312 2498 Spiritus,

90 2515 358 2606 etsequemiam
375 2515 459 2588 Veni
485 2517 607 2590 Sancto
632 2518 775 2610 Spiritus
796 2519 903 2610 possit
928 2518 965 2589 iu
990 2515 1107 2590 eodem
1132 2535 1244 2592 meuse
1261 2519 1308 2636 lu·

88 2628 170 2698 orari
195 2625 285 2700 duas
310 2626 547 2720 ludulqeatios
573 2631 783 2702 plenarias?

148 2737 383 2830 Respondelur
408 2737 609 2830 Nequius:
634 2741 754 2831 legitur
779 2741 868 2813 enim
895 2742 928 2814 io
955 2743 1094 2815 Decreta
1120 2742 1193 2814 Sao.
1224 2742 1311 2814 Gon·

87 2849 297 2940 qeqsbonis»
324 2851 401 2922 l'em
420 2851 564 2925 Creator
582 2853 728 2943 Spiritus
759 2855 862 2925 «vel»
895 2853 973 2926 Veui
988 2857 1110 2928 Somou
1129 2854 1311 2946 Spiritus».

151 2962 224 3034 iu.⁰
249 2962 422 3036 laidem
446 2965 501 3036 otr
522 2964 631 3055 possit
655 2967 843 3057 aqqreqari
859 2967 975 3038 multis
1001 2966 1263 3048 sodalitatibus,
1282 2973 1314 3039 et

86 3071 206 3145 laceri
226 3073 466 3165 lodulqeatios
491 3076 673 3166 uuicuique
690 3095 874 3159 concedas,
891 3076 1078 3150 dummodo
1104 3077 1313 3152 coorditioues

84 3187 307 3278 proamiptos
333 3188 500 3279 bupleatt
546 3261 552 3272 ,

147 3297 383 3390 Respondetur
407 3297 686 3372 atiffirmotivon.

149 3408 222 3481 99.ο
248 3412 303 3482 tu
327 3409 421 3482 idem
446 3413 567 3483 Altare
584 3411 620 3484 iu
639 3411 760 3484 eadem
785 3413 936 3486 Ecclesia
958 3411 1065 3505 possit
1086 3411 1260 3503 assiquori
1274 3419 1313 3486 ut

82 3519 192 3595 litare
213 3523 399 3615 proprium
423 3523 532 3595 vadis
566 3522 825 3607 sodalitatibus,
851 3545 883 3598 o.
910 3543 962 3616 qr.
991 3525 1209 3606 &uerissima
1243 3525 1311 3597 lio·

81 3633 178 3714 sorio,
203 3637 337 3707 Bootae
369 3635 498 3726 l'irqiai
523 3633 565 3706 de
593 3635 761 3717 Corbulo,
790 3637 1007 3710 sanctissimo
1028 3636 1132 3709 Cordi
1155 3637 1263 3708 99999

146 3745 639 3844 99999999999.9999199999999
662 3748 695 3819 in
712 3766 855 3839 -genere,
884 3757 917 3822 at
941 3747 984 3822 de
1009 3765 1176 3821 consenso
1193 3747 1309 3820 unias·

81 3854 235 3948 caiusque
254 3857 404 3932 uaccas
421 3858 628 3949 respectis-ao
645 3857 832 3931 sodalitatis
849 3860 894 3932 ibi
912 3865 1051 3944 erectae,
1078 3858 1198 3930 sed'cd
1215 3877 1311 3950 prae·

81 3967 236 4044 urendas
262 3968 491 4060 quaestiones,
518 3987 607 4060 quac
631 3969 725 4042 tacite
750 3971 827 4042 oriri
853 3971 961 4043 soient
985 3968 1097 4062 quoad
1122 3969 1309 4044 functiones

81 4079 289 4170 peragendas,
316 4085 373 4152 aut
398 4079 511 4152 uitare
537 4079 793 4153 custodiendum
812 4087 873 4152 eto.
893 4081 1000 4172 magis
1026 4079 1172 4171 expedit,
1190 4081 1218 4153 si
1236 4081 1308 4153 lieri

80 4195 189 4276 999999
213 4199 252 4266 99
277 4192 450 4284 quaelibet
474 4191 639 4266 sodalitas
664 4211 764 4266 suum
789 4193 911 4267 haheat
935 4193 1055 4266 Allato.
