3130 4920
761 353 978 425 -326-

257 493 473 569 sanctissimo
497 491 640 567 bomine
663 489 783 569 Nostro
808 493 867 566 Plo
892 491 954 565 ΡΡ.
980 487 1039 564 Vll
1064 504 1125 584 per
1153 505 1209 564 me
1241 486 1488 582 inboseriptum

255 608 479 682 Seeretarium
503 607 538 680 in
564 605 741 680 ludlentis
765 605 878 680 babila
903 605 969 678 sub
985 601 1040 677 die
1059 603 1104 676 ill
1125 603 1214 677 lunii
1232 605 1339 687 leiti,
1362 599 1490 676 Eadem

256 718 420 794 Sanctitas
445 721 513 794 Sua
538 719 776 794 resolutionem
802 719 876 792 San.
906 717 1181 810 congregationis
1210 713 1423 810 adprobavit,
1457 721 1491 788 et
1560 741 1561 756 Ν

255 831 484 925 Indulgentiae
509 831 741 906 Portinnoulae
765 831 947 916 indultum,
972 829 1007 902 in
1033 829 1088 902 die
1112 847 1237 922 nempe
1259 827 1409 901 seeundo
1424 825 1491 900 du·

256 945 344 1036 gusti
370 943 412 1018 ab
438 945 595 1019 omnibus
620 944 909 1028 christifidelibus,
927 943 1077 1037 exeeptis
1093 949 1207 1016 tamen
1222 941 1429 1026 mulieribus,
1456 941 1491 1012 in

123 1065 129 1076 '
254 1055 403 1148 praelato
429 1055 556 1130 Saeello
581 1057 771 1142 lucrandae,
799 1057 939 1130 servatis
963 1053 1148 1141 servandis,
1167 1061 1201 1129 et
1216 1055 1388 1149 perpetuis
1404 1053 1492 1126 iutu-

254 1165 302 1240 rls
319 1167 527 1260 temporibus
552 1167 731 1243 valiturum
755 1167 902 1260 benigne
926 1165 1092 1253 extendi,
1124 1165 1253 1258 amque
1285 1165 1351 1238 ulle
1375 1161 1492 1237 Brerls

255 1279 480 1374 expeditione.
505 1282 627 1356 ilatum
652 1281 778 1354 Romae
803 1299 846 1354 ex
870 1279 1053 1353 secretaria
1078 1273 1489 1369 san.congreg.1ooulg.

975 1391 1003 1464 J.
1030 1392 1089 1464 Pu.
1116 1391 1220 1465 (lesu
1247 1390 1367 1463 Scorrr

918 1505 1068 1598 asperus
1095 1503 1272 1597 Gestoputi
1300 1503 1423 1576 Serret

809 1701 937 1776 cbxv.

755 1845 990 1900 rossano.

332 1937 384 2011 ld
408 1937 610 2012 humillimas
636 1955 754 2032 preces
779 1941 928 2014 Rectoris
944 1939 1113 2014 Emissiae
1129 1937 1291 2014 Pontlilell
1309 1945 1343 2012 et
1357 1935 1491 2030 ilegalls

259 2049 438 2154 Hospitalis
464 2051 661 2125 Sanctorum
687 2052 923 2145 Apostolorum
948 2052 1036 2126 Petri
1053 2060 1086 2126 et
1103 2052 1196 2126 Pauli
1212 2053 1246 2124 in
1266 2049 1405 2125 Ciuitate
1421 2051 1491 2124 Ma·

257 2161 322 2234 triti
348 2163 382 2236 ln
416 2161 591 2257 Hispanis,
625 2163 862 2238 Sanutlssimus
892 2165 1055 2239 Dominus
1079 2165 1200 2240 Noster
1231 2165 1310 2239 Pius
1342 2163 1406 2236 PP.
1431 2161 1491 2235 Vll

255 2273 402 2368 benigne
428 2278 604 2352 inclinatus
629 2296 749 2352 omnes
774 2283 808 2352 et
824 2279 972 2371 singulas
989 2277 1215 2371 indulgentias
1231 2277 1265 2350 ln
1281 2275 1490 2368 intruseripto

250 2385 445 2464 :Summerio
470 2389 662 2477 recensitas,
689 2392 814 2484 etjam
839 2411 858 2463 a
890 2389 1208 2465 praedecessoribus
1237 2388 1309 2462 suis
1337 2387 1489 2482 praelau-

256 2499 353 2576 datae
378 2503 555 2588 lieelesiae
582 2509 621 2578 ut
644 2503 823 2588 asseritur,
850 2519 1027 2577 consessas
1057 2504 1238 2576 elementer
1263 2499 1489 2582 conmmanit,

255 2617 289 2685 et
314 2619 481 2705 quatenus
506 2633 593 2707 opus
619 2615 663 2688 sit
687 2613 730 2688 de
755 2633 844 2687 novo
870 2621 904 2688 et
928 2615 1099 2709 perpetuis
1130 2613 1250 2688 laturis
1281 2611 1490 2706 temporibus

255 2723 403 2798 valituris
429 2725 618 2820 impertitus
643 2732 705 2812 est,
733 2726 862 2819 absque
887 2728 953 2800 ulla
977 2728 1092 2800 Breuis
1118 2725 1340 2820 expeditione.

607 2861 897 2930 lnnbnennninb
918 2864 1137 2931 PLENARIAE

257 2969 440 3046 concessae
466 2975 621 3048 omnibus
647 2982 679 3050 et
705 2977 847 3070 stupetis
876 2978 1051 3068 utriusque
1075 2995 1175 3050 seem
1210 2971 1489 3068 utrertfieetiero

327 3103 405 3158 vere
425 3086 688 3180 poenitentibus,
715 3087 872 3182 confessis
898 3109 940 3163 aa
959 3091 992 3164 S.
1013 3090 1255 3163 communione
1275 3087 1409 3182 resectis
1433 3103 1487 3158 eu·

321 3218 393 3292 pra
426 3201 644 3275 eouneiotum
677 3202 865 3276 Ecclesium
895 3201 1013 3276 denote
1044 3202 1277 3286 vertentibus,
1312 3221 1354 3275 ec
1380 3199 1486 3290 jueta

325 3315 472 3384 meatem
499 3315 699 3388 sanctitutis
726 3317 815 3388 snae
837 3335 903 3409 per
928 3313 1071 3408 aliquod
1088 3315 1249 3410 temporis
1265 3313 1416 3408 spatium
1425 3312 1486 3406 pie

327 3423 505 3498 orantibus
530 3426 567 3498 lo
592 3427 805 3519 sequentibus
831 3426 948 3501 diebus
972 3426 1127 3502 uidelicet

780 3540 969 3614 rannerius

253 3643 290 3718 ln
315 3645 400 3722 ieslo
425 3648 696 3726 Circumuisionis
721 3654 760 3725 b.
786 3653 826 3727 N.
852 3653 880 3724 J.
907 3653 943 3726 C.
965 3691 980 3705 ·
1006 3653 1044 3727 ln
1068 3651 1253 3746 Epiphania
1268 3651 1410 3725 Domini.

765 3765 974 3840 Februarius

252 3867 290 3942 ln
315 3871 399 3946 testo
425 3874 666 3952 Puriileationis
692 3877 728 3954 Β.
746 3879 790 3955 Μ.
816 3877 857 3952 V.
885 3918 899 3932 -
924 3879 963 3954 ln
987 3879 1072 3954 leste
1097 3879 1131 3952 S.
1158 3877 1300 3956 Metbiae
1325 3871 1479 3974 Apostoll.

794 3993 941 4067 Martius

251 4089 288 4164 ln
314 4091 398 4169 leste
424 4097 694 4178 ennuntiationls
720 4101 756 4176 B.
782 4103 825 4178 ll.
852 4101 893 4176 V.

817 4217 932 4294 Melus

251 4313 287 4388 ln
314 4315 397 4394 ieslo
423 4323 482 4399 SS.
509 4325 654 4423 Philippi
681 4333 716 4405 el
740 4327 854 4406 iacobi
878 4325 1038 4426 Apostoli.
