3164 4926
582 367 802 434 -ltb-

74 501 184 584 scobe,
211 497 424 594 praedictam
449 499 691 592 indulgentiam
717 501 903 575 Plenariam
929 501 973 576 ad
997 519 1114 576 omnes
1140 511 1173 578 et
1198 521 1302 597 quos·

71 631 208 706 comque
235 613 418 706 utriusque
442 631 547 688 sextis
579 613 819 688 cbristifineles
851 617 1105 690 processionem
1137 617 1303 710 ejusmodi

70 725 311 800 solemniorem
338 725 510 799 bominica
534 727 631 801 tertia
659 728 787 802 mensis
820 728 1044 821 Septembris,
1070 731 1125 802 rel
1155 730 1217 802 alia
1242 749 1303 823 per

70 839 283 912 ordinarium
308 839 415 912 semel
441 837 658 932 designanda,
688 839 913 934 peragendam
943 842 1149 928 comitantes,
1173 839 1225 916 'vel
1244 843 1305 916 lic

68 953 195 1026 casiam
230 951 553 1027 confraternitatum
584 953 703 1028 eadem
736 954 908 1028 bominica
938 955 1125 1038 visitantes,
1157 955 1305 1048 benigne

68 1065 224 1149 extendit,
255 1071 393 1138 serrato
417 1065 453 1138 in
477 1065 614 1157 reliquis
640 1067 854 1158 allegatamm
880 1067 972 1140 Pauli
992 1067 1022 1140 V
1041 1076 1076 1142 et
1093 1068 1218 1142 Urbani
1231 1064 1305 1140 VIII

69 1177 338 1254 mocessionum
363 1185 489 1252 tenore.
515 1178 636 1252 batum
659 1179 786 1253 Itomae
810 1179 904 1254 dieo
926 1180 1068 1272 augusti
1087 1196 1175 1254 anno
1198 1183 1303 1252 titt.

551 1291 609 1365 In.
635 1294 663 1365 l.
690 1292 793 1366 Canu.
821 1295 1083 1367 Ponroumaeno
1109 1294 1230 1366 emm.

624 1407 664 1477 l.
691 1407 731 1478 ll.
765 1406 948 1482 Vicecomes
973 1407 1181 1482 Pro-secret.

618 1617 760 1690 CLXIII.

298 1773 430 1830 nonnos
455 1775 505 1830 rr.
531 1777 704 1832 sennonem
729 1779 760 1830 o.
787 1777 911 1832 nieme
936 1777 1077 1832 uacuus
1227 1774 1235 1792 ·
1357 1789 1359 1797 ·

128 1971 227 2044 cum
255 1968 313 2042 Sa.
340 1969 439 2044 ilem
461 1968 616 2044 Clemens
635 1971 697 2044 illl
713 1987 774 2062 per
799 1986 896 2044 suam
919 1972 1047 2044 Bullam
1063 1970 1176 2045 datam
1191 1969 1306 2070 Idibus

70 2081 268 2157 Decembris
294 2086 389 2176 liat
417 2081 574 2156 omnibns
599 2083 776 2174 utriusque
801 2101 905 2158 sexus
922 2083 1201 2158 Cbr'stilidolibus
1226 2101 1306 2156 rou·

69 2197 169 2280 lassis,
203 2213 246 2268 ac
273 2195 309 2268 S.
339 2195 583 2268 communione
607 2195 740 2270 relectis
765 2195 824 2286 qni
850 2195 995 2287 aliquam
1019 2196 1204 2270 Ecclesiam
1232 2196 1309 2269 Fra·

69 2315 147 2382 tom
178 2309 370 2382 &rnorem
394 2309 431 2380 B.
448 2308 491 2380 bl.
507 2308 652 2400 Virginis
677 2308 712 2382 in
740 2307 839 2382 Festo
864 2308 1063 2382 solemniori
1083 2309 1220 2400 Septem
1240 2307 1307 2379 lio·

69 2421 172 2494 brom
204 2418 362 2512 ejusdem
394 2420 430 2493 B.
458 2419 498 2493 V.
532 2420 654 2494 itariae
686 2421 792 2494 semel
821 2419 856 2492 in
889 2437 977 2492 anno
1008 2419 1180 2494 Dominica
1213 2418 1309 2491 tertia

70 2535 197 2608 mosis
224 2531 436 2625 Septembris
462 2550 539 2605 cnm
564 2532 718 2606 laenitate
748 2533 838 2608 illam
868 2530 1090 2606 transterendi
1122 2529 1309 2606 occurrenti

71 2645 298 2728 obiecerint,
325 2643 566 2735 indulgentiam
593 2645 778 2720 Plenariam
805 2644 839 2718 in
867 2650 1069 2738 perpetuum
1095 2643 1308 2726 concesserit,

72 2777 218 2852 mulque
246 2759 282 2830 P.
312 2758 467 2848 llagister
489 2759 686 2832 Francisous
707 2758 808 2832 blaria
828 2757 988 2832 Pacoroni
1008 2756 1192 2833 modernus
1216 2773 1310 2854 prae

73 2873 122 2944 lati
147 2870 293 2944 ordinis
326 2871 521 2943 Procurator
554 2870 724 2944 Generalis
754 2869 939 2944 brimillime
971 2869 1166 2962 exposuerit
1192 2867 1310 2944 eadem

74 2983 122 3058 ibe
146 3001 231 3057 cnm
256 2998 378 3072 magno
403 2980 514 3056 devoti
544 2982 662 3075 Populi
691 2997 873 3064 concursu,
904 2987 937 3054 et
966 2981 1215 3056 circumlatione
1240 2981 1311 3052 Sta-

75 3103 144 3170 toae
172 3097 211 3170 B.
241 3095 285 3166 bl.
312 3094 458 3185 Virginis
488 3095 625 3186 Septem
651 3094 811 3168 boiorum
837 3100 1068 3184 nuncupatae,
1101 3091 1313 3183 supplicatio

76 3227 149 3282 nem
175 3209 222 3280 ab
254 3207 412 3280 Ecclesiis
432 3205 591 3298 praedicti
617 3206 750 3279 Ordinis
781 3207 815 3276 in
849 3205 974 3296 quibus
1006 3209 1116 3278 erecta
1147 3203 1312 3296 reperitur
1471 3203 1475 3208 '

78 3320 228 3410 eiusdem
247 3319 284 3390 B.
311 3319 353 3392 ll.
385 3319 530 3410 Virginis
556 3319 691 3410 Septem
708 3319 870 3392 Dolonem
885 3315 1155 3400 confraternitas,
1173 3313 1312 3405 singulis

79 3435 168 3506 annis
194 3431 327 3516 baberi,
354 3431 592 3504 sanctissimus
608 3432 770 3504 Dominus
792 3431 912 3504 Noster
931 3427 1131 3504 Benedictus
1151 3427 1212 3500 PP.
1235 3424 1312 3498 xiv

82 3545 121 3614 ai
136 3549 255 3620 enixae
281 3561 400 3635 preces
426 3543 531 3636 ipsius
557 3543 783 3616 Procuratoris
803 3542 974 3616 Generalis
995 3540 1175 3634 praelatam
1200 3535 1312 3610 Indul-

85 3661 223 3746 geotiom
250 3657 438 3730 Plenariam
463 3657 563 3730 etiam
584 3655 626 3730 ad
643 3671 876 3747 quoscumque
892 3655 1068 3746 utriusque
1092 3669 1196 3726 sexus
1222 3649 1314 3722 Cbri

85 3768 276 3846 slllltlelibns
297 3770 541 3843 solemniorem
562 3768 726 3861 ejusmodi
748 3767 1023 3861 supplicationem
1045 3764 1241 3840 minitantes
1254 3762 1313 3838 be·

86 3883 178 3972 aigne
203 3881 366 3965 extendit,
392 3888 526 3954 servato
552 3881 587 3954 in
612 3881 750 3972 reliquis
765 3878 973 3954 enunciatae
996 3878 1110 3952 bullae
1133 3882 1260 3950 mucro.

155 3995 270 4070 Datum
297 3997 427 4070 Itomae
452 3992 507 4068 die
534 3998 554 4066 3
582 3992 723 4086 Augusti
753 3997 859 4066 titii.

559 4106 616 4182 Fu.
643 4107 672 4178 J.
698 4105 802 4178 Cano.
829 4107 1093 4178 Ponrocmamo
1119 4100 1240 4174 Panno.

634 4219 675 4293 Α.
701 4219 741 4294 li.
774 4219 956 4293 Virocomcs
981 4215 1190 4290 Pro-secret.
