3164 4926
799 365 992 432 ...gg-

275 507 463 582 Sanctitalis
490 505 578 578 Suae
603 491 804 578 benedicere
829 483 983 594 posscnl3
1009 499 1167 574 llloniales
1184 499 1263 573 dicti
1284 499 1416 573 Ordinis
1430 499 1512 573 Loci

277 620 457 714 Complooi
482 617 691 690 Placentinae
716 615 885 687 llioecesis
912 613 1085 687 ordinario
1110 619 1223 686 lamen
1247 613 1416 703 subjectae
1446 612 1509 685 du-

273 735 436 816 bitantes,
462 749 506 803 au
538 735 572 802 el
604 729 696 821 ipsae
722 726 888 819 ejusmodi
917 725 1133 816 indulgentiis
1160 733 1193 799 et
1217 724 1369 798 lacullate
1394 743 1511 818 respe-

273 845 360 919 otive
385 842 531 935 gaudere
556 845 627 914 tulo
652 840 794 923 ualeant,
821 839 1050 932 supplicarunt
1074 837 1289 910 Sanctissimo
1310 843 1347 910 ut
1372 836 1511 910 easdem

272 955 499 1048 indulgentias
526 953 626 1026 etiam
650 953 764 1024 lavore
789 951 915 1043 proprii
941 951 1130 1024 lllonasterii
1156 949 1334 1034 declarare,
1360 951 1414 1022 vel
1431 967 1514 1022 eun·

273 1069 405 1152 cedere,
431 1066 623 1157 dictamque
648 1065 836 1138 facultatem
861 1062 904 1135 ad
929 1081 1030 1135 suum
1055 1081 1117 1154 pro
1140 1068 1291 1155 tempore
1308 1061 1512 1136 existentem

271 1178 523 1255 confessarium
549 1177 798 1253 communicare
823 1175 1026 1268 dignaretur.
1060 1173 1258 1266 Huiusmodi
1292 1181 1403 1247 autem
1433 1193 1512 1267 pre·

271 1293 368 1367 cibus
395 1291 437 1364 ab
464 1289 583 1366 eadem
609 1290 790 1362 Sanctitate
815 1289 883 1360 Sua
909 1288 952 1359 ad
977 1289 1050 1360 Sao.
1073 1287 1372 1380 congregationem
1396 1286 1513 1360 ludul⁶
1565 1377 1566 1380 p

270 1405 391 1498 gentils
417 1403 598 1493 sacrisque
622 1401 784 1492 Reliquiis
802 1399 1026 1492 praepositam
1044 1400 1203 1484 remissis,
1221 1399 1438 1490 turmatisque
1452 1399 1512 1472 his

272 1518 420 1610 desuper
445 1514 568 1598 dubiis,
594 1512 719 1585 seilicet
744 1511 891 1584 Primo«
916 1513 970 1584 Aa
995 1513 1242 1586 Monosteriom
1266 1513 1514 1604 Complunensc

272 1628 427 1723 poudeot
445 1626 640 1721 priuilepiis
667 1643 691 1696 o
718 1625 937 1696 sanctissimo
960 1625 1107 1697 Domino
1124 1625 1249 1696 Nostro
1267 1625 1424 1696 uniuerso
1438 1624 1513 1695 du·
1565 1697 1566 1702 r

272 1741 469 1835 postiniane
497 1736 620 1811 Ordird
646 1737 818 1819 concessis,
846 1736 883 1806 iu
909 1754 992 1808 cose
1013 1737 1096 1807 cle?
1117 1739 1150 1807 et
1175 1741 1341 1826 quatenus
1358 1734 1514 1807 Affirma-

270 1852 338 1924 tive
364 1849 477 1943 quoad
500 1847 744 1939 indulgentiam
776 1847 979 1931 Pleuariam,
1007 1852 1040 1918 ct
1069 1847 1228 1937 Negatiue
1261 1847 1373 1938 quoad
1401 1849 1513 1920 Bane·

271 1964 451 2037 dictionem
485 1981 520 2033 a:
555 1959 832 2033 secundusne
863 1966 895 2032 ct
927 1957 1096 2051 quomodo
1125 1958 1380 2052 providendam
1405 1961 1448 2031 sit
1472 1962 1514 2032 in

272 2096 356 2150 cose
383 2077 469 2148 etc?
494 2073 620 2146 Eadem
647 2074 720 2144 Sao.
747 2073 965 2163 congregatio
991 2071 1045 2144 die
1079 2077 1123 2142 l8
1148 2072 1223 2144 lllaii
1253 2077 1345 2143 llll
1372 2089 1515 2163 raspon-

271 2189 320 2263 uit
346 2187 388 2263 ad
415 2186 602 2260 Primum«
628 2184 886 2278 supplicandum
912 2203 987 2257 esse
1014 2185 1230 2256 sanctissimo
1246 2203 1308 2276 pro
1329 2183 1513 2275 Indulgen-

271 2301 316 2374 tia
342 2300 494 2374 Pleuaria
520 2300 555 2371 iu
580 2299 688 2372 Fastis
713 2298 899 2371 cuuucialis
924 2317 985 2390 pro
1011 2297 1207 2372 lllouialibus
1232 2303 1372 2370 tanturn.
1398 2326 1409 2359 ι
1434 2299 1513 2382 Quo

273 2431 354 2486 uero
380 2412 423 2485 ad
448 2410 720 2485 Benedicllnuem
749 2411 943 2501 ‹Negatire
968 2439 1002 2483 a.
1029 2408 1223 2482 Secundum
1249 2409 1456 2482 «Provisum
1472 2410 1513 2481 in

272 2525 383 2620 primo
408 2554 443 2598 ».
469 2527 519 2598 lle
544 2525 669 2616 quibus
695 2523 834 2615 singulis
859 2522 943 2596 lacta
967 2541 1029 2615 per
1054 2541 1109 2594 me
1124 2521 1373 2614 inlrascriplum
1390 2523 1511 2594 Secre-

273 2637 396 2709 tarium
422 2633 476 2707 die
504 2639 551 2706 30
576 2633 730 2726 ejusdem
757 2633 973 2706 Sanctissimo
998 2634 1140 2706 Domino
1158 2633 1326 2717 relatione,
1345 2634 1513 2708 Sanctitas

272 2749 341 2820 Sua
366 2751 481 2818 votum
507 2747 580 2817 Sac.
615 2745 888 2837 congregationis
913 2745 1059 2837 benigne
1088 2746 1298 2838 approbavit,
1331 2745 1512 2838 ipsamque

272 2856 526 2930 concessionem
552 2863 586 2929 et
611 2855 869 2930 declarationem
895 2856 937 2929 ad
962 2857 1089 2949 reliqua
1105 2857 1299 2949 hujusmodi
1316 2857 1512 2933 Mouialium

272 2969 472 3044 llouasteria
497 2967 658 3043 exlendit.

697 3151 699 3155 ,
821 3082 857 3154 C.
886 3083 988 3156 caan.
1015 3103 1057 3154 nn
1083 3085 1285 3155 Hruuoururs
1310 3084 1431 3155 Panno.

752 3195 792 3268 A.
820 3197 867 3271 Μ.
893 3197 989 3270 Eric
1014 3198 1110 3269 Prot.
1136 3197 1349 3289 Apostolicos
1376 3197 1502 3274 secret.

827 3393 958 3467 CXXV.

759 3587 764 3596 .
812 3540 969 3594 victam.

348 3645 523 3739 Proposito
548 3647 622 3719 Sao.
649 3644 903 3739 congregationi
918 3641 1137 3740 indulgentiis
1154 3646 1332 3740 sacrisque
1348 3647 1511 3740 Reliquiis

272 3758 483 3852 praepositae
505 3757 608 3831 dnbio
632 3760 715 3832 «Ao
731 3764 840 3832 morte
864 3760 1023 3852 Episcopi
1046 3760 1153 3832 Vicera.
1172 3760 1385 3853 ccplrooeril
1399 3763 1511 3836 Breve

273 3869 574 3963 indulgentiorem
600 3871 649 3944 od
673 3874 895 3966 septemoiura
916 3873 1214 3965 promissionibus
1235 3872 1431 3966 expeditum
1457 3879 1512 3947 ot·

275 3986 369 4057 tereto
392 3984 596 4057 annotinae
622 3985 659 4057 io
684 4003 722 4056 eo
750 4003 922 4077 expresso,
949 3986 1076 4058 scilieet
1099 4012 1113 4047 ‹
1137 4002 1215 4058 cum
1232 3984 1414 4058 modernus
1429 3984 1510 4079 Epi·

274 4113 398 4187 scopus
422 4095 552 4168 mittere
576 4096 726 4170 intendat
741 4098 958 4190 presbyteros
984 4097 1027 4170 ad
1052 4098 1227 4172 llissiones
1245 4105 1306 4171 etc.
1325 4098 1508 4174 »diadem

274 4207 348 4279 Sao.
379 4205 597 4299 congregatio
611 4208 665 4281 die
693 4215 737 4282 lss
762 4209 839 4284 llaii
863 4215 956 4281 llll
974 4208 1147 4302 respoudit
1175 4237 1188 4271 ‹
1213 4211 1371 4301 Negatire
1396 4241 1430 4284 ».
1457 4213 1508 4285 De

275 4319 507 4412 manusfacta
531 4322 595 4397 sub
620 4320 675 4396 dic
701 4327 748 4396 30
774 4323 926 4415 ejusdem
951 4323 1078 4401 mensis
1103 4341 1166 4418 per
1185 4340 1242 4398 me
1257 4322 1507 4419 iulrasoriptum
