3346 4924
801 319 1020 386 -oie—

284 457 548 536 communitates
574 455 752 530 mulierum
778 461 840 529 etc.
860 471 948 546 guae
969 453 1141 547 sunjauae
1165 445 1340 527 non‘sunt
1364 453 1520 528 ohedien-

286 574 353 648 tiae
365 572 419 646 rei
432 570 604 646 directioni
615 568 756 645 Ministri
772 568 945 641 Generalis
958 566 1091 641 Ordinis
1102 567 1261 652 Fratrum
1277 567 1356 641 iiim
1373 567 1409 640 S.
1426 568 1523 642 Fran

284 685 364 760 cisci
389 701 459 758 non
484 682 630 776 gaudere
655 680 956 756 communicatione
980 679 1230 774 privilegiorum
1255 685 1289 753 ct
1304 677 1523 771 induigentia·

283 816 360 874 mm
386 796 519 872 Ordinis
545 795 609 870 nisi
634 795 777 889 speciale
802 795 948 870 habeant
965 792 1141 867 indutum
1174 789 1272 866 souis
1300 791 1521 885 nnosmiinan,

284 909 338 984 uei
363 908 428 984 nisi
454 914 569 1002 agatur
594 907 637 982 do
662 906 871 982 monasteriis
897 903 1204 980 sanctimonialium
1227 918 1315 996 quae
1340 923 1360 975 a
1384 921 1466 977 cura
1490 910 1523 978 et

285 1021 451 1116 gubernio
475 1023 628 1094 Fratrum
653 1037 793 1094 snorum
818 1017 981 1095 Ordinum
1007 1019 1072 1092 sub
1097 1015 1522 1110 immediatumiipiscopo·

283 1151 361 1212 rum
384 1131 649 1226 jurisdictionem
675 1133 832 1208 translata
856 1138 1061 1224 cecinnae
1084 1130 1241 1204 imuntur
1269 1131 1397 1204 cunctis
1423 1131 1521 1225 priri-

282 1245 389 1339 iegiie
415 1251 450 1320 et
475 1245 691 1338 indulgentiis
716 1245 808 1318 acsi
834 1246 899 1322 suh
925 1243 1088 1338 gubernio
1110 1245 1265 1318 ‘Fratrum
1282 1261 1423 1318 suorum
1448 1249 1522 1318 actu

283 1359 466 1434 crismrent
488 1359 585 1452 iuria
607 1360 787 1434 Decretum
814 1358 937 1433 Sacrae
961 1357 1233 1450 congregationis
1260 1355 1327 1430 diei
1354 1361 1400 1428 22
1426 1355 1520 1450 apri·

283 1471 324 1544 lis
352 1476 458 1552 iiii.
484 1471 602 1558 Quoad
626 1473 765 1565 gratiam
791 1489 872 1546 vero
889 1489 978 1564 guae
1002 1469 1156 1564 generice
1173 1469 1297 1562 petitor
1324 1485 1385 1562 pro
1410 1467 1521 1542 indui-

283 1584 404 1676 geniiis
429 1590 463 1658 ei
486 1585 667 1678 privilegiis
688 1584 877 1677 dequibus
898 1583 1005 1676 agitur
1025 1581 1242 1656 obtinendis·
1267 1599 1338 1654 non
1352 1579 1523 1673 expedire.

357 1696 478 1770 Datum
510 1697 636 1772 Romae
669 1717 713 1772 er
745 1697 928 1773 secretaria
957 1692 1110 1790 uiridem
1142 1695 1216 1767 sac.-
1249 1693 1523 1786 congregationis

284 1805 338 1882 iiie
365 1813 413 1881 iit
438 1809 644 1904 Septembris
671 1814 777 1886 iiiiii.
1061 1817 1064 1822 '

880 1969 882 1972 -
956 1923 993 1995 i.
1019 1921 1123 1995 Cano.
1149 1917 1324 2004 Asomarus
1350 1920 1469 1992 Panem

909 2039 951 2110 Α.
977 2033 1136 2128 Arctior.
1153 2033 1358 2108 Prieziouiii
1382 2029 1521 2106 sntsitt.
