3214 4928
586 374 777 444 .qu-

99 511 302 585 lanotiselmee
342 511 507 585 Trinitatis
544 513 796 606 Redemptionis
827 515 1060 608 Captivorum,
1093 519 1304 595 confirmavit

98 623 184 694 omnin
205 623 328 696 merla
353 625 557 717 privilegiata
581 631 762 719 perpetua,
788 645 876 720 quae
900 629 1114 722 reperiuntur
1142 646 1303 706 concesse

95 737 119 808 in
137 736 292 808 nonnullis
319 737 477 810 Ecclesiis
500 736 639 830 praelati
663 737 808 812 Ordinis.

148 849 222 935 Quia
246 867 331 922 uero
355 850 390 923 in
415 850 583 941 aliquibus
607 843 764 924 Ecclesiis
791 851 942 944 ejusdem
960 847 1094 928 Ordinis
1110 853 1222 928 litere
1238 858 1304 949 pri·

94 964 254 1053 nloglatnm
279 977 344 1055 pro
366 973 431 1035 rnna
457 962 510 1035 vel
535 961 688 1054 pluribus
713 962 816 1036 Feriis
842 982 920 1036 cnm
946 965 1057 1058 aliquo
1082 966 1302 1042 determinato

93 1090 205 1148 numero
229 1075 411 1150 mum
437 1073 481 1146 ed
505 1073 743 1167 septennium,
773 1077 826 1150 vel
859 1077 948 1151 aliud
979 1078 1112 1170 longius
1145 1085 1302 1172 tempus,

92 1187 213 1260 modum
243 1189 359 1261 forsan
391 1186 562 1280 elapsum,
593 1189 757 1281 reperitur
782 1206 999 1274 conoessum,
1030 1191 1194 1264 Sanctitas
1220 1193 1302 1276 Sua,

91 1301 197 1390 poeria
220 1301 357 1375 illorum
382 1301 617 1384 revocatione,
652 1294 770 1374 eadem
803 1299 926 1375 Altaria
958 1301 1162 1395 privilegiata
1192 1301 1303 1378 denuo

90 1413 227 1486 nonest
252 1410 289 1486 in
316 1419 535 1508 perpetuum,
561 1428 624 1506 pro
648 1413 752 1486 Feriis
778 1418 812 1488 et
837 1427 915 1487 eum
940 1427 1082 1489 numero
1106 1411 1303 1500 Missurum,

90 1525 218 1600 nlinbe

142 1639 176 1713 ln
198 1637 361 1714 ltocleme
386 1641 500 1731 itaque
525 1637 659 1712 Ordinis
684 1636 855 1733 praedioli,
872 1636 907 1713 in
924 1638 1048 1732 qulbus
1064 1657 1176 1735 nsque
1194 1641 1305 1716 adbuc

89 1753 192 1826 nullum
215 1753 334 1827 lituro
359 1751 532 1846 privilegio
558 1750 752 1826 decoratum
779 1753 915 1837 existit,
942 1753 1105 1828 Sanctitas
1130 1755 1198 1828 Sua
1223 1764 1303 1828 bon·

89 1866 166 1938 cessit
177 1865 319 1940 unicum
332 1869 463 1942 tantum
479 1863 592 1938 litare
608 1857 852 1958 privilegiatum
864 1867 959 1958 juata
971 1863 1121 1950 modum,
1135 1866 1303 1941 videlieet:

142 1971 361 2053 inEeciesiis
386 1975 538 2050 Fratrum
564 1975 746 2070 supradicti
771 1977 920 2063 Ordinis,
946 1979 983 2052 in
1008 1979 1132 2071 quibus
1161 1986 1304 2072 quatuor

89 2087 184 2163 iissre
208 2089 429 2184 quotidianae
454 2090 687 2173 celebrantur,
721 2090 887 2162 concessit
917 2089 1030 2164 ellare
1062 2092 1306 2184 privilegiatum

88 2217 133 2292 pro
153 2203 333 2278 mimebus
358 2217 653 2296 quorumcumque
678 2201 962 2287 Christiiidelium
976 2217 1064 2295 quae
1080 2203 1151 2279 noo
1166 2206 1202 2278 in
1219 2205 1305 2279 cba-

88 2315 162 2388 r'tato
184 2317 387 2410 conjunctae
412 2317 455 2388 ab
481 2317 544 2390 beo
568 2315 644 2388 luce
668 2310 901 2407 migraverint,
935 2331 997 2407 pro
1029 2335 1097 2388 nnn
1129 2317 1225 2390 Feria
1249 2332 1307 2391 ou·

87 2423 197 2512 initiet
220 2427 482 2504 hebdomades:
508 2429 543 2503 ln
569 2427 693 2520 qulbus
719 2426 837 2500 decem
863 2427 984 2500 blissae
1009 2442 1071 2520 pro
1096 2427 1228 2502 duabus
1245 2429 1305 2502 Fe·

89 2539 145 2612 riis:
167 2543 200 2614 in
225 2543 356 2636 quibus
382 2541 575 2635 quindecim
600 2560 663 2634 pro
688 2541 811 2615 tribus:
838 2542 871 2612 in
897 2539 1021 2632 quibus
1038 2541 1306 2634 vigintiquinque

89 2667 135 2742 pro
156 2657 307 2750 quinque
331 2649 453 2730 Feriis:
480 2661 513 2730 et
537 2657 572 2728 in
598 2655 723 2748 qulbus
746 2655 1033 2747 trigintaquinque
1064 2654 1230 2727 noncessit
1253 2653 1306 2726 ll

89 2771 142 2838 tue
163 2769 408 2862 privilegiatum
434 2767 676 2860 quotidianum.

145 2881 178 2952 ln
201 2879 363 2954 Ecclesiis
389 2897 470 2953 vero
494 2880 567 2952 silis
592 2879 803 2973 inpartibus
829 2873 1016 2952 lnlldelium
1041 2879 1094 2953 uel
1119 2881 1306 2954 Heoreiioo

90 3003 147 3062 mm
168 2984 337 3068 concessit
361 2991 473 3066 Altera
498 2992 742 3085 privilegiatam
767 2991 918 3065 similiter
934 2999 1146 3085 perpetuum,
1163 3011 1307 3085 proune

91 3099 164 3176 lenia
185 3108 219 3180 in
244 3105 461 3182 bebdomada
486 3106 616 3198 absque
642 3105 861 3198 expressione
886 3105 1018 3178 numeri
1043 3105 1231 3180 Missurum.

145 3215 180 3290 ln
203 3217 363 3294 dcclssils
389 3221 502 3292 autem
527 3219 737 3301 Monlalinm,
764 3215 888 3310 pariter
913 3219 1078 3290 concessit
1107 3217 1218 3293 Altero
1242 3219 1310 3312 prl-

92 3327 258 3421 rilegiatnm
286 3340 487 3426 perpetuum
518 3351 581 3424 pro
611 3347 681 3405 una
711 3327 807 3404 i'eria
839 3330 1016 3422 cujuslibet
1051 3329 1307 3416 hebdomadae,

93 3439 199 3535 absque
223 3443 445 3540 expressione
471 3443 603 3518 numeri
628 3445 818 3526 iillssarum,
844 3443 905 3516 sed
931 3459 993 3536 pro
1018 3443 1218 3518 Martialibus
1238 3449 1309 3518 nn·

93 3555 157 3640 tum,
180 3572 366 3652 earumque
392 3557 661 3650 consanguineis,
688 3553 844 3631 afflnlbae
871 3561 905 3629 et
929 3551 1207 3630 benelaotorlbus.

150 3670 229 3746 dnm
253 3673 319 3746 bac
334 3679 448 3746 nmen
472 3665 706 3756 declaratione,
732 3669 825 3762 qnod
849 3671 885 3741 in
910 3669 1050 3760 singulis
1075 3683 1178 3763 supra
1193 3669 1308 3746 relatis

96 3775 222 3857 bairum
246 3781 416 3868 nucleolis,
442 3783 567 3876 qulbus
591 3779 694 3856 modo
717 3782 829 3856 litare
845 3781 1088 3876 privilegiatum
1102 3783 1305 3868 conceditur,

96 3882 239 3970 bdnltom
265 3895 309 3970 slt
333 3893 522 3970 restrictum
548 3893 592 3968 ad
615 3894 813 3968 Sacerdotes
843 3893 1017 3968 domarat
1046 3893 1180 3966 Ordlms
1206 3909 1308 3992 supra

99 4011 225 4097 epesi
250 4005 334 4083 inibi
360 4007 579 4093 celebrantes,
606 4013 640 4082 et
663 4005 756 4100 quod
780 4007 904 4081 Aleria
921 4005 1092 4091 ettoniae,
1109 4024 1171 4100 pro
1184 4007 1309 4100 quibus

99 4119 266 4197 momoitor
302 4119 515 4216 privilegium
548 4121 653 4196 semel
684 4123 814 4194 tantum
847 4121 890 4195 ab
923 4118 1107 4194 ordinariis
1143 4119 1309 4194 bonorum

101 4221 240 4322 designari
264 4231 420 4311 debeant.
621 4297 624 4304 ,

156 4341 293 4424 landem
320 4345 486 4424 Sanctitas
511 4351 580 4424 Sua
596 4345 699 4423 voluit
716 4345 809 4438 quod
825 4345 1019 4438 hujusmodl
1034 4343 1309 4422 mrocossionlbus
