3120 4924
760 315 976 384 -ata-

762 505 976 582 CCCXXVii.

776 665 965 720 niunden.

330 785 609 874 Addromiliimas
634 803 752 878 preces
777 783 1059 860 iiererendissimi
1084 784 1136 856 Fr.
1164 782 1329 856 Francisci
1350 782 1392 858 tt.
1411 781 1491 854 Ber·

257 919 389 994 gornen.
423 899 673 973 Concionetoris
699 898 880 991 apostolici
906 897 1144 970 sanctissimos
1175 896 1338 970 Dominus
1369 895 1495 970 Noster

257 1014 413 1088 Clemens
438 1014 500 1085 PP.
518 1013 593 1086 xiil
609 1012 755 1104 benigne
772 1010 949 1085 inclinatus
966 1010 1131 1084 concessit
1147 1009 1389 1101 Priritegiatnm
1408 1025 1495 1100 quo

257 1125 337 1201 tidie
362 1125 396 1198 in
422 1131 622 1218 perpetuom
648 1142 708 1218 pro
734 1123 910 1198 animabus
943 1122 1095 1196 omnium
1124 1121 1287 1197 Fidelinm
1303 1121 1495 1194 ¹Deirmcto-

257 1257 333 1312 rum
358 1238 468 1312 Altare
492 1237 634 1310 Oratorii
659 1235 781 1309 adnexi
806 1235 974 1308 Ecclesiae
1007 1235 1170 1309 itiinorum
1201 1233 1495 1327 Cappnccinorum

257 1350 376 1426 albam
403 1357 550 1424 erectum
576 1349 610 1421 in
632 1348 795 1422 honorem
812 1349 992 1420 Sacrorum
1009 1347 1209 1437 stigmatum
1225 1345 1410 1420 Beatissimi
1427 1345 1494 1416 Pa·

258 1464 318 1536 tris
335 1462 510 1536 Francisoi.
528 1461 709 1552 Votuitque
724 1459 851 1534 Eadem
868 1459 1032 1532 Sanctitas
1058 1459 1125 1532 Sua
1149 1458 1236 1531 hano
1261 1459 1399 1550 gratiam
1417 1457 1497 1530 ahs-

259 1594 326 1668 que
352 1576 416 1648 utta
449 1574 563 1648 Brevis
596 1572 809 1666 expeditione
839 1573 910 1646 iore
941 1571 1125 1646 valituram.
1151 1572 1272 1644 Datum
1296 1571 1421 1643 Romae
1449 1587 1496 1641 err

260 1687 442 1762 secretaria
461 1687 534 1760 Soc.
549 1685 821 1782 congregationis
834 1683 1020 1777 indulgent.
1035 1682 1089 1757 die
1103 1687 1150 1754 20
1163 1681 1369 1775 Septembris
1384 1685 1495 1754 iios.

835 1911 875 1984 Α.
901 1907 1005 1983 Cano.
1032 1907 1205 1982 Consonus
1230 1906 1441 1982 Prae-Parae.

966 2022 1002 2095 S.
1029 2021 1160 2115 Borpt'o
1187 2022 1309 2096 Secrct.

766 2229 996 2309 CCCXXVIII.

747 2401 1007 2458 rnnvrann.

335 2577 385 2654 Ad
411 2573 614 2656 humillimas
638 2595 757 2672 preces
782 2581 919 2674 iosephi
944 2578 1076 2656 Munier
1099 2578 1251 2656 iiodemi
1267 2578 1408 2654 abbatis
1424 2579 1498 2654 itio·

265 2691 399 2766 nasoerii
425 2691 679 2766 Mediolanensis
712 2690 791 2766 Ord.
826 2693 1056 2768 ctsterctensis
1082 2693 1252 2768 dioecesis
1276 2693 1502 2777 trevirensis,

265 2804 501 2877 sanctissimus
525 2801 687 2877 Dominus
707 2803 827 2878 Noster
844 2806 999 2880 Clemens
1017 2806 1080 2878 PP.
1101 2807 1176 2878 xiii
1200 2805 1344 2898 benigne
1360 2805 1503 2878 inclina·

262 2923 336 3001 tus,
369 2915 480 2991 eidem
509 2915 673 2990 concessit
704 2915 894 2992 facultatem
924 2918 1075 3012 erigendi
1107 2918 1142 2992 in
1174 2918 1247 2992 loco
1279 2918 1437 2994 cosheim
1468 2920 1504 2990 in

261 3029 396 3124 propria
421 3031 509 3104 iture
532 3029 701 3123 privatum
726 3029 891 3104 Sacellum
900 3073 914 3116 ,·
945 3031 982 3104 io
1013 3051 1082 3124 quo
1114 3038 1183 3104 tam
1216 3032 1333 3105 Orator
1358 3033 1504 3124 ejusque

262 3143 492 3226 successores,
518 3161 620 3235 qnam
646 3141 701 3216 alii
726 3141 882 3234 Religiosi
903 3143 1067 3237 praedicti
1084 3143 1229 3229 Ordinis,
1247 3144 1328 3218 dum
1344 3144 1390 3218 ibi
1408 3163 1503 3218 com·

263 3261 434 3329 morantur
458 3255 595 3330 Missam
620 3254 807 3340 celebrare,
833 3263 868 3328 et
898 3256 1046 3347 gaudere
1076 3257 1208 3349 possint
1231 3257 1506 3350 ditareprivite·

264 3367 362 3458 giato,
388 3385 457 3458 quo
481 3365 628 3458 gaudent
652 3365 820 3440 Ecclesiae
846 3368 1000 3459 ejusdcm
1018 3368 1164 3452 Ordinis,
1184 3387 1223 3441 ac
1239 3369 1377 3462 insuper
1393 3370 1504 3442 omni·

264 3479 330 3552 bns
350 3485 383 3553 et
403 3477 544 3569 singuiis
563 3477 792 3571 indulgentiis
811 3480 936 3571 quihus
953 3481 1053 3554 certis
1071 3482 1202 3554 statutis
1218 3480 1337 3556 diebos
1356 3480 1504 3574 gaudem

264 3591 434 3666 Ecclesiae
458 3589 657 3684 praedictae.
683 3591 864 3683 voluitque
889 3590 1018 3668 Eadem
1043 3594 1207 3666 Sanctitas
1233 3594 1300 3666 Sua
1316 3593 1405 3668 hanc
1429 3613 1501 3686 gra·

265 3701 345 3776 tiam
370 3703 404 3776 in
425 3708 625 3794 perpetuum
646 3701 717 3776 iore
734 3703 909 3776 valituram
926 3705 1058 3796 absque
1075 3705 1143 3778 nita
1158 3706 1273 3778 Brevis
1289 3705 1503 3799 expeditione

264 3831 333 3886 non
359 3813 568 3888 obstantibus
594 3820 656 3888 etc.
682 3815 804 3888 Datum
828 3816 955 3889 Romae
981 3837 1025 3890 ex
1052 3817 1237 3890 secretaria
1256 3819 1330 3892 sac.
1356 3818 1503 3910 Congre-

266 3925 407 4018 gationis
431 3924 616 4020 indulgent
642 3925 698 4001 die
725 3931 770 4000 to
795 3927 995 4003 Novembris
1022 3932 1129 4002 titio.

945 4153 984 4228 L
1010 4153 1114 4228 Cano.
1141 4153 1283 4230 curros
1307 4155 1429 4232 Pnaar.

1039 4268 1073 4343 S.
1100 4268 1231 4360 Borptu
1258 4268 1381 4344 Serrei.
