3214 4928
625 367 819 436 *79-

671 573 783 648 CXlll.

170 723 262 797 Cum
290 744 333 800 en
361 725 504 800 decretis
529 727 583 808 iel.
610 745 712 802 mem.
738 725 909 800 Benedicti
934 728 996 800 PP.
1027 727 1102 800 lllll
1130 732 1175 800 22
1201 728 1345 814 tionem*

98 837 166 908 laris
196 843 297 910 {729
326 846 360 912 et
384 839 564 916 Clementis
590 840 651 912 BP.
678 841 740 918 llll
767 844 808 914 Bt
839 840 1038 915 Novemuns
1058 845 1151 916 17³7
1178 859 1341 932 concepsa

99 959 131 1021 et
154 950 361 1024 confirmata
385 953 421 1025 in
445 958 646 1046 perpetuum
671 953 859 1045 reperiatur
883 951 1090 1044 Indulgentia
1105 955 1256 1039 Plenaria
1272 955 1345 1040 nni-

98 1064 207 1142 rersis
233 1065 416 1157 utriusque
431 1083 536 1146 serm
553 1063 832 1151 Christiddoldms
850 1063 911 1138 rite
932 1064 1143 1151 visitantibus
1159 1067 1343 1150 Ecclesiam

98 1176 169 1250 rire
196 1177 316 1252 Altere
342 1178 548 1270 ubicumque
573 1179 710 1252 Festum
736 1178 769 1262 S,
796 1176 911 1261 Aloisii
937 1177 1113 1268 Gonnapue
1142 1178 1214 1263 lieri
1239 1180 1343 1268 oculte

98 1289 200 1378 gorm
228 1289 368 1370 Festum
389 1298 501 1366 autem
527 1289 720 1382 huiusmodi
737 1290 781 1367 oh
798 1290 957 1370 eximiam
975 1295 1008 1365 et
1024 1290 1245 1370 universalem
1263 1311 1343 1384 erga

98 1400 264 1476 &notum
291 1403 527 1481 miraculorum
553 1401 641 1478 lama
672 1401 800 1493 ultique
825 1401 989 1482 illustrem
1015 1403 1216 1494 populorum
1241 1402 1344 1479 devo

98 1513 240 1597 mnem,
268 1533 372 1606 saepe
396 1533 538 1598 nuurem
562 1514 598 1588 iu
623 1514 725 1600 unius
751 1520 784 1586 et
810 1512 973 1605 ejusdem,
999 1514 1098 1588 otiam
1115 1533 1184 1592 nou
1201 1533 1343 1607 maguae

97 1623 270 1708 Civitatis,
297 1645 398 1718 quam
425 1626 577 1718 pluribus
602 1625 761 1706 Eccleslis
787 1632 820 1698 et
845 1626 918 1706 aliis
950 1625 1032 1700 loeis
1064 1626 1342 1719 montemagno

98 1755 176 1811 mm
204 1739 428 1823 solemnitate,
446 1757 486 1815 ao
502 1739 616 1834 populi
633 1755 810 1826 concursu,
829 1744 862 1810 et
879 1738 1170 1822 Sacrameptomm
1188 1740 1343 1831 trequen-

96 1849 140 1920 tir
164 1851 370 1936 celebretur,
397 1859 498 1942 omne
523 1851 607 1928 adeo
632 1849 810 1929 commode
834 1869 903 1932 uon
929 1852 1037 1944 possit
1056 1852 1184 1942 unique
1199 1871 1268 1938 nno
1286 1871 1341 1929 ee

97 1957 250 2054 mmnue
276 1963 502 2048 anniuersario
528 1963 600 2054 ejus
626 1962 681 2038 die
708 1967 749 2046 52¹
779 1961 879 2050 lunii,
906 1961 968 2050 sed
983 1963 1136 2055 pluribus
1153 1963 1339 2052 dumtaxat,

96 2079 130 2142 ot
154 2073 300 2164 quidem
325 2076 515 2147 successive
545 2074 664 2148 delius
697 2074 873 2164 celebrari3
906 2075 1143 2148 sanctissimus
1175 2077 1339 2153 Dominus

97 2185 221 2260 Noster
246 2187 447 2270 Benedictus
473 2187 533 2274 Pu.
567 2187 644 2260 lllll
673 2192 892 2268 memoratam
925 2186 1167 2278 indulgentiam
1193 2189 1338 2280 henigne

96 2299 327 2392 ampliandam
352 2301 500 2383 censuit,
527 2299 569 2385 ud
594 2299 684 2388 diem
710 2317 771 2391 ppo
797 2298 894 2373 dictis
928 2300 1034 2382 Festis
1059 2319 1137 2386 cum
1163 2301 1280 2383 Officio
1305 2310 1339 2375 et

93 2413 197 2485 tt'esa
216 2411 262 2486 de
282 2414 402 2487 Sancto
416 2415 450 2486 in
463 2412 603 2504 singulis
616 2413 698 2484 locis
712 2411 875 2503 ejusmodi
890 2411 932 2494 alr
946 2412 1128 2498 ordinariis
1141 2413 1338 2494 eorumdem

95 2533 290 2618 opportune
315 2525 566 2618 designandam.
594 2525 748 2616 Cumque
774 2543 835 2616 per
860 2524 978 2607 eadem
1008 2525 1147 2606 Decreta
1178 2525 1337 2610 eumdem

94 2637 261 2710 &netum
287 2637 485 2712 Benedictus
514 2637 604 2710 idem
630 2637 854 2724 constituerit,
889 2636 1047 2728 idemque
1078 2637 1235 2724 Clemens
1259 2656 1337 2712 cun·

94 2749 283 2823 minaverit
298 2752 333 2824 in
349 2753 506 2834 omnious
523 2757 556 2826 ot
572 2750 713 2842 siugulis
730 2749 1022 2836 Universitatilrus‚
1049 2751 1257 2841 Gymnasiis,
1280 2758 1337 2824 out

93 2863 253 2954 sodomis
281 2865 483 2955 generalium
517 2864 570 2936 nel
602 2881 670 2936 non
704 2862 909 2952 generalium
934 2859 1130 2948 'studiorum
1163 2864 1335 2950 sociemus

91 2977 172 3049 lesu
203 2979 383 3050 Patronum
408 2977 639 3069 Principalem,
667 2975 810 3065 ideoque
836 2973 953 3056 officio
977 2982 1012 3051 et
1036 2976 1136 3052 llissu
1161 2978 1227 3051 sub
1257 2978 1334 3050 llitu

92 3088 220 3181 duplici
247 3089 376 3180 primae
399 3089 525 3169 Classis
550 3107 628 3172 curn
654 3087 779 3161 onena
802 3087 898 3178 juxta
923 3087 1080 3170 Breuiurii
1105 3088 1245 3172 Bonnam
1267 3089 1334 3160 liu·

91 3199 206 3272 odeas
231 3201 484 3284 honorandum,
518 3200 681 3284 Sanctitas
715 3199 782 3280 Suu
815 3197 974 3276 eumdem
999 3199 1111 3279 lliurm
1137 3199 1172 3270 in
1196 3200 1334 3290 reliquis

89 3313 196 3384 dmm
220 3311 373 3402 ejusdem
390 3312 563 3384 societatis
581 3311 738 3383 domibus
755 3315 863 3402 (quae
879 3310 1062 3390 admodum
1079 3313 1333 3402 procrescunt,

90 3425 329 3500 uuilnrmilatis
354 3426 457 3518 gratia
483 3424 612 3496 seruari
637 3422 816 3496 mandarit.
844 3421 913 3508 Hac
937 3423 993 3498 die
1020 3429 1064 3498 te
1083 3423 1205 3517 Aprilis
1225 3427 1330 3499 itte.

719 3537 757 3608 L.
783 3535 887 3609 Creu.
915 3537 1010 3614 Picus
1035 3539 1157 3613 Peren.

576 3653 616 3722 Α.
643 3651 690 3724 Μ.
717 3650 813 3723 Brlro
838 3651 933 3728 Prot.
960 3650 1173 3744 Apostolloun
1200 3649 1323 3729 Serrei.

657 3847 772 3920 CXIV.

148 3993 305 4048 romum
329 3993 543 4048 umentorum
568 3991 774 4057 numentum,
800 3993 860 4046 sun
885 3991 1008 4048 cranous
1033 3993 1060 4048 s.
1086 3991 1266 4046 perennem.

165 4103 433 4178 decretissima
460 4102 607 4176 Domino
628 4101 755 4175 Nostro
781 4099 1162 4182 concentorem
1189 4118 1235 4174 ec
1261 4103 1325 4173 Su·

94 4231 178 4286 crue
211 4214 494 4305 conperpetuum
525 4211 825 4304 indumentorum
863 4216 970 4292 uolo,
1001 4216 1034 4284 ol
1062 4214 1158 4286 noto
1182 4215 1330 4305 proprio

95 4323 288 4406 mento,
313 4345 356 4400 nc
378 4343 447 4418 pro
473 4324 650 4402 nonnette
676 4323 815 4401 Ordinis
838 4322 988 4413 eiusdem
1011 4324 1046 4396 S.
1065 4320 1241 4399 condeto·
1262 4343 1328 4416 per
