3134 4918
561 384 777 451 -tol-

86 537 186 601 omncs,
209 517 381 611 ooodeoal
404 517 626 610 [multotiens
637 516 838 610 praedictis,
856 517 982 591 scilicet
1000 516 1207 594 sodalitates
1224 523 1288 594 cri·

86 631 176 724 perdi,
198 628 392 704 instituendi
422 631 519 703 Viam
547 629 673 712 Crucis,
699 629 838 703 litorio
865 627 1068 703 maturandi
1093 634 1179 704 etc?

141 748 203 818 sac.
228 744 446 838 congregatio
471 743 644 837 respondit
668 743 834 827 «indulta,
861 761 922 816 seu
947 744 1128 830 facultates,
1154 744 1196 818 de
1213 746 1286 838 qui·

84 859 134 932 hus
154 859 183 932 in
206 860 376 953 proposito
400 858 519 942 Dubio,
547 858 610 930 etsi
635 875 704 930 nou
729 855 849 931 cedant
873 857 907 930 in
932 857 1101 951 propriam
1133 858 1289 953 Episcopi

84 971 237 1056 utilitatem,
263 970 385 1044 sedin
410 970 548 1062 gratiam
574 969 871 1053 llioecesanorum
898 987 966 1042 non
996 977 1075 1042 sunt
1107 976 1219 1044 tamen
1245 969 1288 1044 de

83 1083 220 1157 ordinaria
251 1103 314 1158 sua
345 1089 509 1176 potestate
534 1082 578 1155 ad
602 1089 745 1167 rectam,
778 1083 1069 1175 necessariamque
1103 1084 1288 1158 animarum

82 1194 131 1266 sili
147 1195 394 1268 mmmissarum
421 1194 738 1269 administrationem
758 1195 917 1278 ordinata,
943 1196 987 1267 ita
1004 1203 1051 1279 ut,
1078 1213 1119 1269 co
1136 1197 1287 1282 anscote,

82 1306 121 1378 rel
140 1307 249 1380 morbo
275 1307 457 1392 laborante,
483 1307 555 1379 sive
580 1307 691 1379 nimiis
717 1305 989 1399 occupationibus
1010 1306 1181 1401 impedito,
1198 1309 1289 1382 vices

80 1435 128 1508 pro
148 1437 184 1492 eo
214 1419 298 1492 allos
323 1424 417 1510 gerat
448 1424 621 1510 tamquam
651 1419 693 1493 ab
726 1418 799 1510 ipso
830 1417 992 1509 legitime·
1008 1417 1203 1510 delegatus3
1228 1418 1290 1492 sed

81 1547 140 1601 oum
169 1533 233 1604 sint
256 1531 369 1624 polius
401 1530 550 1614 favores,
577 1549 663 1624 quos
696 1530 785 1604 idem
817 1531 1003 1624 Episcopus
1029 1532 1071 1605 ab
1101 1530 1290 1625 apostolica

79 1641 147 1716 Sede
169 1644 385 1737 personaliter
410 1643 646 1736 impetraverit,
673 1649 754 1715 lunc
779 1642 821 1715 ab
846 1642 1012 1735 Episcopo
1036 1649 1165 1716 mulum
1192 1648 1290 1716 erunt

78 1753 208 1830 fidelihus
232 1757 298 1832 sibi
324 1755 458 1830 creditis
484 1756 716 1837 distribuendi,
743 1755 807 1828 nisi
832 1755 866 1827 in
893 1756 1048 1848 precibus
1080 1755 1290 1849 Apostolicae

79 1868 139 1942 Seli
162 1871 276 1944 delatis
302 1887 361 1944 eos
387 1869 632 1963 expostulasset
656 1870 698 1942 iis
724 1869 846 1952 verbis,
873 1874 929 1940 aut
954 1869 1140 1955 simillibus,
1167 1887 1289 1964 nempe

79 1980 212 2075 simper
235 2001 286 2068 se,
313 1983 365 2054 vel
390 2000 451 2075 per
476 2000 556 2054 suos
581 1980 730 2056 llioarios
756 1981 936 2054 Generales
961 1981 1120 2070 erigendi,
1142 2001 1290 2056 commu·

77 2093 185 2168 uitandi
210 2101 272 2170 etc.
288 2124 322 2166 ».
348 2097 396 2166 lla
421 2095 494 2167 Sao.
521 2095 685 2186 congreg.
712 2093 766 2168 die
793 2099 838 2165 11
865 2093 940 2185 lllaji
960 2098 1074 2187 Ι1813.

617 2291 726 2364 DLlll.

574 2437 766 2492 aax1nu.

132 2545 169 2616 lu
192 2545 297 2618 Brevi
320 2545 515 2636 Apostolico
543 2543 612 2617 diei
638 2548 684 2616 28
710 2543 839 2637 Aprilis
866 2547 960 2615 1810
987 2563 1010 2616 o
1036 2541 1289 2635 8111111111-

72 2653 124 2726 lioo
146 2677 297 2731 mocesso
330 2656 592 2749 lrcllepiscopo
618 2657 783 2730 luciensi
803 2676 871 2750 pro
901 2656 1067 2751 facultate
1102 2653 1289 2730 decorandi

72 2767 189 2842 litorio
209 2771 395 2864 priuilepio
421 2770 615 2862 Apostolico
641 2771 677 2841 iu
703 2769 856 2862 prolium
881 2770 1080 2843 animorum
1113 2767 1288 2863 defuncto·

73 2898 134 2952 mm
158 2881 238 2956 loro
266 2884 427 2974 tepenter
451 2881 657 2955 «Revocatis
683 2881 716 2954 in
743 2882 792 2954 eis
817 2885 830 2971 (
842 2881 998 2954 Ecclesiis
1028 2869 1288 2964 Parochialibus,

72 2997 98 3062 11
124 2993 333 3088 collegiatis)
366 2993 581 3085 privilegiatis
615 2992 782 3066 altaribus
815 2992 936 3066 intuitu
968 2995 1132 3080 Pareciae,
1158 2995 1230 3068 sive
1255 2993 1290 3068 in

71 3113 270 3198 perpetuum,
298 3106 371 3180 sive
396 3105 439 3178 ad
464 3112 598 3198 tempus
621 3106 689 3197 jam
719 3105 907 3189 concessis,
933 3104 1009 3190 libi,
1036 3111 1075 3178 ut
1099 3106 1213 3178 semel·
1228 3124 1290 3198 per

71 3216 195 3309 teipsum
220 3220 257 3292 in
285 3218 434 3310 qualibet
450 3235 493 3291 ex
519 3217 777 3303 parochialibus,
795 3224 833 3290 el.
844 3216 1031 3308 collegiatis
1056 3215 1213 3291 Ecclesiis
1229 3217 1290 3290 hu·

68 3325 194 3416 jusmodi
218 3349 326 3404 unum
361 3329 536 3404 dumtaxat
565 3329 677 3402 litare
703 3329 745 3402 ad
770 3329 994 3424 septemuium
1012 3329 1204 3422 proximum
1230 3329 1288 3403 de-

69 3439 183 3530 signare
206 3444 320 3516 valeas
346 3448 408 3515 etc.
423 3471 457 3515 ι.
489 3441 583 3515 liade
609 3444 797 3534 quoeritur.
1092 3439 1096 3446 ’

131 3555 175 3627 l.⁰
203 3557 324 3629 lltrom
340 3555 376 3629 oi
391 3556 573 3630 emiorum
589 3555 763 3629 Revocatls
787 3557 822 3628 in
850 3555 898 3630 eis
924 3560 986 3630 etc.
1014 3555 1131 3630 omoio
1148 3555 1286 3628 munim

68 3663 189 3740 litorio
210 3667 438 3761 prieilepioto
455 3667 493 3739 irc
510 3667 713 3759 quibuslibet
736 3669 904 3752 Ecclesiis,
926 3669 1109 3761 priuilcpio
1127 3669 1195 3742 siae
1206 3686 1289 3760 per·

64 3781 169 3863 poteo,
193 3781 263 3854 siae
289 3777 338 3852 od
362 3783 494 3871 tempus
520 3778 699 3863 occident,
726 3786 759 3853 ot
783 3781 830 3854 sic
852 3781 999 3874 privato
1022 3780 1206 3873 prioilcpio
1232 3773 1285 3852 ro·

67 3895 342 3982 mammemque
375 3889 467 3970 dom,
486 3889 766 3986 lroliepiscopos
793 3892 976 3986 praelatas
1009 3891 1119 3966 droco
1145 3889 1286 3966 litorio

65 4001 230 4095 niuacio
247 4005 441 4096 Apostolico
468 4002 644 4088 decorare,
663 4010 696 4079 et
713 4005 893 4099 desipuere
910 4007 1034 4080 oirlrrte
1054 4003 1174 4078 Breuis
1185 4022 1289 4098 proc·

68 4111 149 4188 citati
173 4115 371 4209 dedecoros
394 4115 523 4211 1111111
1193 4181 1196 4190 ,

127 4227 198 4301 Sao.
225 4228 444 4322 congregatio
469 4227 642 4323 respondit
667 4229 710 4302 ad
734 4229 880 4324 primam
906 4228 1135 4321 «Negatio».

128 4337 175 4414 2⁰
199 4341 256 4418 dn
285 4361 366 4419 acro
386 4346 515 4420 utram
545 4343 582 4418 oi
610 4341 807 4419 eorumdum
837 4341 1020 4418 amborum
1045 4341 1220 4418 ltevocatis
1251 4341 1286 4415 in
