3120 4924
752 329 969 400 —232-

244 467 423 550 suetudine
448 467 594 562 riguisse
610 483 649 540 ac
666 465 789 559 rigere,
806 483 950 558 eamque
966 461 1171 558 approbasse
1190 459 1401 538 cadmum
1417 461 1476 538 iir-

243 585 358 660 sinum
383 589 464 660 tunc
479 581 777 676 arehiepiscopum
793 582 1077 663 Beneuentanum,
1093 578 1310 672 postmodum
1334 577 1390 654 tel.
1406 595 1475 652 rec.

244 695 461 784 Benedictum
485 695 561 769 Xlti
586 691 781 768 Pontificem
810 693 983 787 Optimum
1006 691 1209 782 Maximnm3
1234 690 1358 764 idcirco
1382 690 1477 764 luem

245 809 482 882 sanctissimus
507 806 711 900 praedictam
728 806 916 880 facultatem
942 812 1015 879 tum
1031 802 1141 878 eidem
1164 801 1324 878 Modemo
1338 801 1478 876 Archia-

242 922 391 1015 piscopo,
417 939 523 1013 quum
550 920 623 1012 ejus
640 920 812 1012 perpetuis
836 917 956 992 tuturis
972 917 1180 1010 temporibus
1196 915 1232 988 in
1247 914 1479 1008 Archiepisco

241 1040 322 1126 pato
339 1036 573 1108 Beneventano
589 1017 842 1106 successoribus
858 1030 1005 1123 benigue
1025 1028 1244 1114 confirmauit,
1261 1035 1296 1102 et
1310 1033 1479 1120 quatenus

242 1163 329 1240 opus
354 1147 397 1220 sit
421 1146 465 1220 de
488 1163 577 1220 nouo
601 1146 784 1219 clementer
807 1143 985 1218 concessit.

315 1258 438 1330 Datum
462 1275 507 1331 ex
531 1257 715 1332 secretaria
731 1257 804 1330 Sec.
822 1255 1097 1350 congregationis
1120 1253 1406 1348 indulgentiarum
1423 1251 1482 1328 die

243 1373 291 1442 23
317 1370 406 1446 iunii
435 1373 541 1452 17117.

1060 1483 1094 1556 S.
1120 1479 1254 1576 Borqr'e
1279 1480 1405 1556 Secret

599 1679 602 1686 ¹
666 1797 669 1809 Ι
802 1676 944 1776 cnm„

459 1889 724 1964 eminentissimi
748 1907 790 1964 oc
815 1887 1098 1964 Reuerendissimi
1122 1888 1264 1964 Domini

318 2045 360 2116 In
392 2045 601 2119 Monusterio
633 2045 713 2120 NN.
746 2050 860 2118 erecto
891 2044 1062 2138 reperitur
1092 2044 1152 2117 Vio
1185 2043 1302 2116 drocis
1327 2047 1484 2135 quotuor

245 2154 435 2230 dirutinctis
460 2157 543 2230 iocis
569 2156 719 2249 ejusdem
743 2159 969 2232 monasterti:
994 2175 1114 2242 cerem
1138 2157 1176 2230 in
1198 2175 1269 2230 nno
1295 2174 1339 2230 ee
1354 2157 1397 2230 iis
1421 2175 1486 2230 ne-

245 2269 409 2345 cessitatis
435 2274 585 2363 tempore
610 2274 772 2364 oeqrotas
803 2271 974 2346 Moeiotes
1004 2269 1196 2358 colineoet;
1223 2322 1363 2342 ......
1377 2272 1488 2360 utque

244 2381 369 2456 Boinei
385 2400 484 2456 usum
509 2383 754 2476 experientem
775 2382 899 2458 obtuto
918 2385 1036 2458 tomen
1060 2383 1098 2455 ie
1118 2379 1309 2475 praedietis
1334 2380 1485 2456 eircum-

244 2494 379 2568 stuntiis
410 2495 471 2568 Via
498 2495 636 2585 Grues·
667 2497 781 2588 ibique
809 2500 934 2589 posteo
969 2493 1080 2570 1133113
1106 2494 1276 2588 reposito:
1303 2495 1490 2586 quaeritur·

245 2624 293 2680 en
317 2607 485 2682 Moeioies
514 2607 671 2683 eamdem
699 2610 877 2684 visitantes
906 2609 943 2682 in
967 2606 1132 2702 praefato
1162 2608 1236 2683 ioco
1253 2605 1418 2700 mmmm
1453 2613 1490 2682 et

244 2718 421 2810 pendeam
437 2717 693 2812 Indutqentir's?

318 2829 555 2905 sanctissimus
588 2832 750 2908 Dominus
780 2833 901 2908 Noster
925 2833 1081 2907 Clemens
1106 2833 1169 2906 ΡΡ.
1202 2833 1279 2906 11111
1314 2833 1490 2908 commisit

245 2940 455 3016 confessario
487 2941 648 3038 praedicti
679 2945 870 3022 Monasterii
895 2963 991 3020 suam
1016 2944 1188 3020 onerando
1212 2945 1488 3032 conscientiam,

156 3133 165 3156 κ
245 3060 283 3128 ut
308 3072 351 3128 ex
377 3055 450 3129 ioco
476 3057 534 3130 ubi
558 3058 621 3132 Via
646 3057 762 3134 Crucis
786 3059 822 3132 in
847 3059 1063 3153 praeteritum
1089 3059 1201 3150 aliquo
1226 3058 1306 3132 anui
1330 3065 1492 3152 tempore

246 3165 354 3240 ablata
379 3167 450 3253 tuit,
473 3167 620 3264 indeque
646 3171 799 3246 restituta
824 3177 857 3245 et
874 3170 917 3245 ad
940 3171 1099 3264 profanos
1123 3187 1208 3244 usus
1224 3188 1302 3243 cum
1326 3171 1423 3263 arari
1440 3172 1494 3244 in·

246 3277 397 3354 decentia
423 3279 545 3355 eodem
569 3284 643 3356 ioco
668 3301 751 3359 usae
776 3290 856 3358 sunt
879 3284 1051 3368 Moniales,
1078 3283 1120 3356 311
1137 3282 1211 3376 ipso
1236 3282 1375 3356 omnino
1395 3301 1495 3358 amo·

245 3396 332 3475 vent,
360 3398 393 3465 et
417 3391 543 3468 ibidem
569 3413 738 3487 nusquam
763 3396 799 3469 in
824 3395 974 3470 futurum
1000 3395 1198 3485 collocatum
1223 3394 1334 3470 visitet
1362 3392 1494 3469 deinde

245 3503 307 3576 tria
333 3504 396 3576 3113
421 3504 575 3580 1113113313
599 3507 672 3582 loca
689 3507 840 3600 ejusdem
867 3509 1068 3593 Monasterii,
1093 3508 1128 3580 in
1145 3507 1270 3599 quidm
1285 3506 1349 3582 Via
1367 3507 1494 3583 Crucis

246 3620 358 3689 erecta
383 3616 557 3708 reperitur,
584 3637 627 3692 an
653 3619 812 3694 decenter
828 3621 863 3694 in
879 3621 962 3714 ipsis
987 3626 1150 3704 servetur,
1176 3626 1211 3693 et
1226 3637 1305 3694 eum
1329 3619 1404 3713 pari
1433 3619 1495 3695 de·

245 3727 380 3800 votione
405 3728 500 3820 pium
526 3729 679 3821 ejusdem
703 3731 785 3806 Viae
802 3733 920 3807 Crucis
945 3731 1142 3806 exercitium
1166 3731 1203 3804 iu
1219 3732 1260 3805 iis
1277 3738 1493 3818 exerceatur,

246 3855 285 3911 ac
309 3839 423 3914 stricte
439 3839 591 3934 injungat
613 3843 825 3929 monialibus,
842 3862 889 3918 ne
911 3843 981 3917 ulio
997 3843 1076 3916 enni
1101 3850 1253 3937 tempore
1277 3842 1398 3919 cadem
1414 3844 1494 3918 loca

244 3948 289 4023 ad
313 3949 395 4023 alios
420 3969 505 4026 usus
530 3961 735 4030 convertent.
763 3957 885 4030 Datum
907 3956 1034 4030 Romae
1059 3975 1103 4032 er
1129 3957 1314 4033 secretaria
1338 3957 1376 4032 S.
1401 3955 1493 4034 Con

243 4061 445 4156 gregatiouis
470 4063 756 4162 tndutgeuiarum
782 4067 838 4146 die
863 4073 885 4144 t
911 4067 1054 4162 Augusti
1081 4071 1189 4145 1767.

1055 4235 1100 4375 d.
1127 4295 1259 4392 Borqio
1285 4295 1412 4376 mmet.
