3134 4918
526 359 787 429 -tul-·

584 551 696 628 onix.

370 713 378 740 ι
426 701 691 756 ιιιιιιιιιιιιιιιιιι
712 703 857 760 orusounr
1000 743 1001 748 ,

202 832 208 853 ι
231 811 333 865 vunnu
352 796 481 864 bunut
501 797 706 864 RbGCOde
725 799 766 864 iil
786 797 967 878 Olibzwlil
988 815 1056 868 ιιι.

392 919 900 988 Undeeimoeiidilionirliomouue
1175 959 1181 971 .

37 1041 258 1120 melesio
282 1043 571 1140 indulgentiarum
593 1047 742 1122 thesauri
762 1047 967 1142 dispensatio
991 1049 1104 1143 magni
1127 1049 1264 1144 semper

55 1155 148 1230 imin
170 1157 319 1232 lioelesta
342 1160 515 1245 momenti,
540 1163 580 1234 ut
606 1159 883 1256 dimmitldeiium
903 1161 1039 1236 deuotio
1065 1165 1263 1264 augeatur,

53 1267 115 1361 ide
134 1269 384 1364 spimdesmrrt,
410 1285 484 1366 spes
508 1272 648 1366 moereb
664 1277 723 1347 et
732 1271 886 1348 obantes
903 1259 1116 1349 oelmuuter
1130 1277 1263 1352 imule-

53 1385 142 1456 earet
158 1383 266 1456 saone
281 1383 425 1478 proinde
448 1381 668 1478 indulgentiis
684 1386 792 1460 ranas
810 1387 994 1480 pluresque
1019 1387 1203 1472 Orationes,
1225 1402 1266 1462 au

52 1493 210 1588 piadpera
235 1497 369 1571 Summi
393 1497 534 1571 Romani
561 1498 739 1574 Pontifices
762 1487 873 1574 ditare
898 1501 990 1580 omni
1017 1507 1169 1595 tompore
1194 1505 1264 1576 stu·

52 1603 177 1694 dumi
191 1609 254 1684 sod
267 1605 458 1703 aliquando,
476 1611 581 1684 immo
600 1627 702 1706 saepe
719 1611 853 1686 euenire
866 1613 961 1698 solet,
978 1621 1015 1687 ut
1031 1613 1263 1706 indulgentiae

52 1717 131 1810 ipsae,
155 1735 305 1815 murum
317 1738 402 1798 usus
420 1719 615 1800 tht‘stiooo
630 1725 759 1819 populo
776 1728 929 1820 monime
945 1732 994 1801 ert
1008 1728 1175 1824 solutoris
1194 1743 1265 1800 nou

51 1835 246 1924 acquirantur,
264 1837 320 1909 vel
344 1836 423 1929 quia
448 1855 565 1910 earum
590 1838 830 1912 eoncessiones
847 1857 915 1911 non
936 1839 1192 1932 dignoscuntur,
1212 1839 1266 1912 vei

51 1939 109 2034 urie
122 1945 162 2022 ed
176 1963 234 2024 eas
260 1947 493 2040 aequimodas,
520 1961 608 2041 qnae
633 1947 922 2023 indiscriminatim
941 1952 976 2022 in
992 1951 1161 2024 nonnullis
1182 1968 1266 2044 npu-

50 2055 137 2143 anis,
153 2065 208 2133 ant
223 2057 401 2154 impressis
426 2059 512 2133 tollis
536 2061 760 2154 reperiuntnr;
777 2077 841 2136 neo
859 2061 1022 2154 singulae,
1040 2081 1104 2136 nee
1116 2055 1272 2156 integrae

49 2170 246 2264 praesumptae
278 2167 490 2246 munitiones
522 2169 744 2246 declarantur.
779 2173 1004 2260 Quamobrem
1033 2181 1267 2268 'opportunum

50 2295 78 2350 ιι
88 2284 306 2357 nmesmrium
321 2277 521 2376 iamdudum
539 2279 725 2370 ridebatur,
744 2287 1065 2388 utquampiorimae
1081 2287 1267 2372 Orationes,
1296 2301 1303 2322 ·

48 2407 96 2463 ιιι
115 2413 178 2468 non
202 2396 259 2490 pia
285 2414 402 2488 opera,
429 2397 609 2490 preeoipue
641 2395 706 2486 illa,
733 2393 855 2488 quibus
881 2415 930 2470 ex.
950 2397 1162 2490 generalibus
1187 2399 1267 2484 eorr-

48 2505 232 2582 cessionibns
259 2509 481 2582 summorum
500 2508 699 2582 Pontificum
715 2509 944 2602 indulgentiae
961 2518 1040 2584 sunt
1056 2509 1207 2584 adnexae
1224 2529 1269 2585 err

47 2613 102 2687 suis
122 2619 289 2710 germanis
314 2619 464 2694 tontibus
489 2619 632 2704 fideliter
655 2621 785 2706 bansta
812 2627 913 2713 atque
934 2620 1052 2696 ordine
1079 2620 1217 2716 digesta,
1235 2627 1270 2724 et

48 2725 127 2801 simul
148 2733 286 2806 eodeota
303 2731 339 2804 in
356 2732 477 2824 vulgus
502 2731 692 2806 ederentur.
718 2732 756 2805 ld
782 2733 875 2825 quod
892 2739 963 2807 erat
989 2733 1024 2806 in
1050 2734 1147 2818 rotis,
1168 2749 1269 2828 supe·
1382 2777 1388 2803 ι

47 2831 166 2916 rioribus
190 2843 292 2918 annis
316 2841 456 2937 perleoil
480 2843 563 2917 alter
587 2861 632 2917 ex
656 2843 708 2928 lis,
735 2844 793 2935 qut
819 2863 838 2914 a
864 2845 1033 2918 consultis
1048 2851 1128 2922 sont
1152 2863 1269 2938 praee·

47 2949 104 3027 letti
125 2955 225 3050 hujus
249 2955 326 3030 Sao.
353 2953 628 3048 congregationis
653 2953 869 3046 indulgentiis
894 2955 1073 3047 semisque
1110 2954 1273 3048 Reliquiis

47 3067 242 3158 praepositae
270 3063 461 3142 mambrae
495 3069 585 3140 enim
619 3067 803 3152 Orationes,
829 3085 868 3140 ao
892 3068 946 3160 pia
971 3082 1073 3160 opera
1101 3066 1136 3138 in
1159 3076 1269 3140 unum

47 3173 188 3255 volumen
213 3187 372 3255 aoeurale
398 3177 462 3254 sed
486 3179 555 3252 non
582 3181 647 3252 leri
672 3177 786 3253 labore
810 3179 939 3271 redegit
962 3178 1131 3269 injunctas
1155 3177 1270 3252 eundi

47 3287 151 3366 tiones
174 3311 237 3387 pro
264 3289 349 3387 ipsis
373 3291 594 3384 indulgentiis
625 3289 847 3382 assequendis
871 3289 1068 3382 singillatim
1094 3289 1268 3384 exposuit,

45 3401 179 3496 bpispue
205 3405 337 3500 pluries
361 3403 459 3477 hae
450 3403 486 3476 ιιι
510 3403 600 3476 Urbe
617 3401 794 3494 euolgauit.
1407 3425 1413 3437 ·

102 3514 181 3590 Cum
197 3531 282 3592 rem
300 3515 392 3590 idem
409 3516 525 3591 anotor
541 3513 754 3588 undeeimam
779 3511 972 3605 hujusmodi
989 3511 1197 3587 ooileotionle
1218 3528 1271 3584 ro-

46 3640 158 3701 manam
183 3617 369 3703 editionem
395 3627 438 3701 ab
464 3645 505 3702 eo
527 3627 601 3720 ipso
626 3626 771 3699 revisam
787 3633 822 3700 et
838 3631 967 3700 aueum
984 3644 1028 3698 ex
1049 3621 1271 3717 typographia

46 3733 383 3834 bregosalvioniana
400 3753 580 3814 excussam
595 3753 684 3812 anno
700 3737 875 3812 millesimo
892 3736 1167 3830 oedogenteeimo
1184 3749 1268 3831 gua-

46 3843 215 3943 irrgeslmo
241 3855 361 3948 primo
371 3859 543 3926 anunente
558 3851 631 3944 meu
648 3851 721 3923 Sne.
738 3849 1002 3943 congregatione
1018 3847 1132 3956 edidit,
1150 3844 1271 3920 eadem

45 3957 103 4036 Sao
125 3963 350 4060 congregatio
375 3983 445 4038 non
471 3963 582 4036 solum
607 3961 859 4056 praelaudatum
884 3959 969 4054 op'us
994 3961 1152 4035 omnibus
1179 3955 1273 4032 Chri

46 4069 226 4152 stiidelibus
244 4077 332 4150 virts
349 4083 451 4170 atque
477 4073 642 4148 delunotis
661 4074 809 4146 maxime
828 4073 986 4166 perutile
1011 4071 1083 4146 iore
1108 4060 1270 4165 probarit,

46 4190 73 4255 et
92 4190 135 4262 uti
158 4189 397 4268 antbentioum
417 4187 621 4279 recognovit,
647 4205 763 4259 verum
791 4185 890 4258 etiam
914 4184 1055 4267 monuit,
1081 4183 1175 4274 quod
1190 4181 1219 4254 si
1235 4182 1271 4254 ln

51 4312 255 4397 manumque
281 4299 435 4396 ejusdem
461 4299 573 4395 operis
590 4297 745 4382 editione,
770 4316 832 4372 seu
857 4295 1010 4372 versione
1032 4291 1275 4386 ouiusoumque
