3214 4928
565 415 760 482 ..65-

103 549 165 619 inut
189 546 224 620 de
246 551 403 642 peccatis,
437 551 565 623 oblinet
591 555 636 623 33
664 567 836 625 annornm
861 555 893 624 el
920 555 966 622 40
1000 549 1135 624 darant
1159 553 1278 626 indul·

102 663 231 750 pntiam3
257 664 314 753 qni
350 665 386 736 in
419 666 566 738 ostiario
603 667 724 740 Mortis
751 685 810 738 are
834 666 864 737 si
884 665 994 758 possit
1018 666 1071 738 oei
1098 665 1200 738 corde
1226 670 1279 738 ter

101 775 259 848 incoaverit
290 777 349 849 SS.
374 777 528 852 Nomina
552 779 630 850 lesa
656 783 687 850 et
711 779 860 859 Mariae,
887 781 919 850 el
944 777 1052 872 desert
1077 777 1166 852 banc
1194 779 1279 852 Son·

99 889 159 956 oon
178 888 354 980 intcpinern
379 891 485 964 etiam
510 891 637 965 obtinet
658 890 858 984 plenariam
881 889 1148 982 indulpentionc.

491 1083 614 1150 'FERZO
636 1083 835 1150 solidante

142 1220 278 1294 04040οε
302 1221 464 1316 Pontifex
488 1230 638 1298 recenter
664 1223 758 1296 dedit
778 1225 959 1317 plectacius
985 1223 1225 1316 inculpentias
1250 1223 1282 1295 el

96 1329 132 1418 pi
150 1333 253 1406 recitat
279 1340 400 1406 34000
427 1337 534 1408 Pater
559 1343 590 1408 et
615 1339 696 1410 an

144 1445 195 1528 00·
216 1447 312 1520 ondit
343 1453 388 1520 34
416 1449 551 1530 Missos,
587 1451 645 1539 poi
670 1455 785 1522 seruat
811 1455 855 1522 34
877 1451 1022 1540 inania,
1050 1449 1109 1540 pici
1133 1467 1168 1521 se
1193 1461 1283 1519 ntor·

96 1553 167 1642 0004
188 1563 227 1629 it
252 1561 392 1642 uicibus,
420 1563 479 1652 qui
503 1560 588 1655 facit
614 1567 659 1633 34
682 1581 788 1656 opera
803 1561 1060 1636 Misericordiae
1081 1560 1283 1653 corporalia

94 1666 128 1734 40
142 1669 331 1758 spiritualia.
353 1675 632 1766 Quotiescumque
657 1673 760 1767 societ
786 1695 893 1746 onam
919 1693 963 1747 aa
988 1673 1087 1746 dialis
1113 1673 1282 1766 operibns,

95 1775 211 1852 liberabit
234 1783 274 1854 de
298 1787 510 1876 Purpalorio
538 1791 583 1858 34
611 1789 758 1867 onirnas,
787 1792 890 1859 0434
920 1790 1119 1880 peccatores
1144 1801 1283 1858 conaer-

95 1891 194 1981 intor;
215 1913 344 1970 aneae
373 1903 489 1970 autem
514 1903 573 1980 est,
594 1905 632 1970 04
658 1918 763 1980 orans
788 1903 858 1972 toto
884 1898 987 1973 corde
1012 1899 1172 1990 respinat
1200 1899 1286 1971 San·

95 2005 154 2074 ctnt
179 2005 237 2078 Gor
264 2008 344 2080 iesu
371 2008 506 2082 Christi.

615 2207 714 2280 XCV.

142 2339 172 2412 iu
185 2339 278 2416 Sacra
294 2345 560 2438 congregatione
576 2346 860 2438 indulgentiarum
878 2347 988 2420 habita
1005 2346 1039 2419 iu
1057 2345 1179 2418 Palatio
1196 2343 1287 2436 Apo·

96 2448 176 2522 aba
197 2456 351 2540 Quirinali
376 2457 431 2530 die
459 2463 503 2530 40
529 2459 698 2532 Februarii
727 2465 820 2532 4739
854 2461 1026 2552 proposito
1051 2457 1154 2530 dubio
1196 2485 1207 2518 ι
1233 2459 1287 2526 An

96 2563 227 2640 0001040
249 2568 435 2645 sodalitate
448 2571 686 2665 intelligantur
699 2573 804 2646 eliano
818 2573 1010 2646 translatae
1024 2568 1288 2662 indulgentiae?

96 2665 186 2748 laban
207 2679 303 2754 80000
329 2682 549 2776 congregatio
575 2684 747 2776 respondit
775 2683 1037 2759 «affirmative»

144 2787 246 2866 004040
266 2795 393 2870 Romae
410 2803 473 2868 ela.

612 2993 727 3068 XCVI.

477 3137 604 3192 annuus
629 3141 656 3193 S.
684 3139 865 3194 aooosrtitt.

145 3232 215 3309 Cum
249 3241 331 3314 alias
368 3243 442 3318 Sao.
473 3243 691 3337 congregatio
724 3244 943 3336 indulgentiis
969 3250 1003 3318 et
1028 3243 1102 3316 Sac.
1129 3239 1290 3331 Reliquus

98 3351 244 3436 40400400
266 3355 334 3427 sub
359 3355 413 3428 die
440 3362 461 3427 4
487 3357 657 3430 Februarii
685 3362 779 3429 4730
805 3356 1013 3450 prohibuerit
1038 3353 1209 3428 Fratribus
1234 3349 1294 3424 Or·

100 3447 159 3527 bots
169 3459 199 3532 S.
212 3463 387 3558 Augustini
403 3486 504 3540 usura
522 3469 733 3562 impertiendi
750 3469 1020 3543 benedictionem
1038 3467 1192 3560 Papaiern
1210 3481 1296 3537 nun·

101 3575 231 3658 Filiam,
262 3597 306 3652 ex
340 3597 381 3653 eo
414 3580 494 3671 quia
522 3581 613 3654 nulio
639 3582 798 3654 canonico
823 3582 1041 3656 laudamento
1067 3576 1295 3653 concessionis

103 3673 266 3764 icosioiicae
289 3691 351 3764 niti
377 3698 547 3784 repertum
577 3693 692 3778 luerit,
723 3713 867 3785 eamque
899 3694 1178 3786 prohibitionem,
1204 3687 1295 3762 deiu-

104 3789 152 3860 itm
170 3795 213 3881 sit,
236 3799 269 3872 iu
293 3803 463 3896 aliquibus
486 3806 705 3878 conventibus
730 3823 799 3878 non
825 3807 962 3880 04004οο
987 3805 1093 3880 tuisse
1117 3807 1295 3887 servatam,

105 3893 193 3978 ladem
215 3911 284 3986 Sac.
307 3913 526 4008 congregatio
550 3919 614 3990 sub
632 3917 686 3990 die
706 3923 750 3989 40
769 3919 939 3991 Februarii
959 3923 1053 3990 4739
1070 3916 1193 3988 iterum
1218 3933 1296 4008 pro·

104 4001 212 4092 bludo
239 4045 337 4100 usum
370 4028 583 4120 impertiendi
607 4029 728 4102 dictam
753 4027 1034 4112 benedictionem,
1061 4023 1193 4100 censuit
1217 4043 1297 4099 cou-

105 4121 259 4238 fiiiposse
282 4141 456 4212 Frattibus
480 4140 637 4232 praedioli
664 4141 798 4214 Ordinis
820 4142 1010 4214 facultatem
1028 4137 1299 4212 communicandi

108 4247 264 4337 itronriis
287 4253 447 4326 Ecclesiis
479 4252 706 4326 Coniralribus
745 4261 778 4328 et
816 4254 1063 4327 consororibus
1100 4249 1300 4323 Cincluratis
1454 4257 1462 4276 ⁸

110 4355 437 4506 fflssnpiodaigentias
463 4363 572 4442 eidem
597 4365 705 4440 ordini
730 4364 940 4460 persenam
966 4360 1194 4457 apostoticam
1221 4379 1300 4436 con·

197 4495 214 4536 0
