3120 4924
792 341 1009 412 -Slt-

824 531 979 606 CCCXX.

801 693 997 748 uuxtcuu.

360 813 597 890 sanctissimus
628 812 789 888 Dominus
820 812 940 888 Noster
967 812 1114 906 benigne
1143 829 1295 888 annuens
1319 831 1379 906 pro
1407 814 1496 906 gratia

287 928 444 1004 omnibns
468 926 549 1002 viris
574 927 633 1020 qni
657 926 840 1002 moralibus
855 925 1079 1002 concionibus
1095 943 1134 1000 ac
1157 927 1231 1000 Sac.
1252 926 1454 1000 Lectionibus
1468 925 1496 998 in

287 1041 426 1132 singulis
451 1041 555 1114 Feriis
579 1039 747 1125 secundis,
766 1039 893 1133 goaris
909 1045 944 1113 et
966 1039 1072 1114 sextis
1092 1038 1370 1131 Quadragesimae
1391 1039 1425 1112 in
1445 1039 1496 1110 Pa·

286 1151 423 1226 rochiali
448 1153 599 1226 Sacrario
624 1159 804 1244 nuncupat.
837 1151 1005 1226 Ecclesiae
1030 1150 1233 1224 cathedralis
1249 1150 1396 1226 Civitatis
1410 1150 1498 1222 llari·

287 1281 389 1338 canae
405 1263 440 1337 in
456 1263 559 1337 indiis
583 1264 697 1356 peragi
715 1264 883 1336 consuetis
896 1262 1016 1336 devote
1032 1262 1249 1346 interfuerint,
1272 1261 1498 1353 indulgentiam

286 1382 416 1468 septem
442 1393 605 1449 annorum
632 1375 838 1466 totidemque
871 1373 1160 1466 qrradmgenarnm
1185 1392 1247 1467 pro
1272 1374 1416 1464 qualibet
1438 1372 1498 1444 rice

287 1487 468 1560 clementer
492 1487 648 1578 elargitus
666 1494 727 1560 est.
745 1488 793 1558 Ac
810 1488 946 1578 insuper
970 1486 1135 1560 concessit
1150 1484 1434 1568 Christisshebbus
1450 1485 1498 1574 qni

286 1598 405 1672 saltem
429 1598 541 1672 sexies
566 1597 721 1690 praelatis
738 1599 965 1690 spiritualibus
990 1596 1386 1683 exercitiisiuterinerint,
1406 1595 1500 1670 ludul-

286 1711 431 1801 gentiam
458 1710 640 1782 Plenariam
666 1711 701 1782 in
726 1729 793 1782 una
819 1709 1098 1801 Quadragcsimae
1123 1707 1177 1782 die
1202 1725 1323 1782 eorum
1347 1709 1434 1782 libito
1452 1707 1499 1780 eli·

285 1819 411 1912 genda,
444 1821 573 1914 inqua
605 1839 684 1896 uere
717 1823 925 1912 poenitentes
957 1820 1101 1896 contessi
1128 1819 1171 1894 ad
1195 1821 1229 1893 S.
1256 1820 1501 1894 Eucharistiean

285 1932 435 2006 Mensam
456 1931 582 2006 bercta
605 1933 817 2008 accesserint.
844 1933 915 2006 Non
946 1932 1156 2006 obstantibus
1180 1931 1215 2006 iu
1239 1931 1440 2016 contrarium
1461 1931 1499 2002 ia·

287 2044 451 2118 cientibus
468 2045 750 2137 quibuscumque.
768 2046 938 2118 Praesenti
954 2046 988 2118 in
1005 2052 1205 2136 perpetuum
1224 2045 1377 2118 valituro.
1394 2043 1502 2116 Voluit·

287 2175 355 2247 que
386 2157 548 2230 Sanctitas
574 2159 641 2230 Sua
666 2159 753 2228 banc
783 2158 923 2248 gratiam
948 2157 1120 2248 suliragari
1145 2157 1277 2248 muare
1306 2158 1372 2230 ulla
1400 2155 1500 2228 Breris

286 2267 508 2360 expeditione.
535 2270 656 2342 batum
682 2269 808 2342 Romae
833 2289 876 2342 es
902 2269 1083 2342 secretaria
1109 2269 1143 2339 S.
1169 2269 1442 2361 congregationis
1460 2269 1501 2340 lu·

286 2379 529 2472 dulgentiarum
556 2381 611 2454 die
637 2387 657 2452 2
685 2380 823 2471 Augusti
853 2385 958 2452 l768.

850 2492 888 2564 Α.
914 2492 1017 2566 Cano.
1036 2491 1207 2565 Consrurus
1231 2494 1439 2567 Pan-Panna.

1046 2606 1079 2678 S.
1106 2606 1239 2697 Borgic
1267 2609 1393 2682 secret

814 2799 983 2875 CCCXXI.

787 2983 1004 3037 uuxlcnu

358 3159 594 3236 sanctissimus
619 3161 780 3236 Dominus
796 3161 916 3237 Noster
931 3160 1087 3236 Clemens
1113 3159 1174 3234 PP.
1200 3161 1276 3234 Xlll
1298 3161 1444 3255 benigne
1459 3177 1504 3232 an·

284 3291 396 3348 nuens
420 3294 482 3369 pro
507 3276 610 3367 gratie
635 3275 799 3348 universis
825 3276 1000 3367 utriusque
1024 3291 1127 3348 sexus
1153 3274 1435 3352 christifidelibus
1457 3269 1504 3362 qui

286 3387 518 3479 Explanaticni
530 3387 764 3471 cathechismi,
778 3406 840 3462 seu
856 3388 1031 3462 Doctrinae
1046 3387 1250 3462 Christianae
1264 3387 1505 3482 temporebus

284 3497 495 3590 dragesimali
521 3517 582 3591 per
607 3506 674 3572 tres
700 3499 789 3574 vices
814 3499 1006 3573 aParochis
1032 3505 1088 3572 aul
1112 3499 1183 3570 aliis
1209 3499 1447 3574 Sacerdotibus
1463 3495 1504 3568 n·-

284 3610 404 3693 vitatis,
430 3617 465 3682 et
488 3611 656 3684 llioecesis
681 3611 831 3689 Mcxican
857 3613 892 3684 in
917 3609 1019 3686 indiis
1044 3610 1088 3684 de
1112 3609 1241 3684 boeotia
1268 3612 1436 3686 ordinarii
1456 3625 1504 3701 pe·

284 3719 452 3812 regendae
478 3720 597 3795 devote
614 3722 831 3803 interfuerint.
850 3729 883 3795 et
899 3722 933 3795 in
959 3721 1129 3796 Dominiea
1155 3723 1329 3796 Passionis
1347 3741 1427 3798 uere
1440 3735 1506 3814 poe

284 3833 429 3906 nitentes
455 3832 609 3918 contessi,
636 3853 675 3906 ao
691 3835 725 3907 S.
752 3834 995 3908 communione
1020 3834 1143 3919 reiecti,
1170 3834 1318 3926 aliquam
1335 3833 1505 3908 Ecclesiam

285 3943 475 4038 praedictae
499 3945 645 4020 Civitatis
673 3947 724 4019 vel
748 3946 916 4020 llineoesis
942 3947 1062 4022 devoto
1085 3945 1302 4031 visitaverint,
1325 3947 1442 4040 ibique
1456 3959 1507 4035 pet

284 4054 419 4148 abquod
444 4058 603 4150 temporis
628 4057 772 4150 spatium
788 4060 883 4150 juxta
901 4066 1047 4134 mentem
1064 4058 1251 4132 sanctitatis
1266 4058 1363 4131 Suae
1388 4058 1457 4152 pias
1471 4049 1507 4124 erl

195 4179 208 4200 ·’
229 4180 232 4188 “
283 4169 392 4246 Deum
416 4186 534 4262 preces
551 4167 737 4255 effuderint,
754 4170 996 4264 indulgentiam
1013 4170 1196 4244 Plenariam
1212 4170 1365 4262 benigue
1385 4183 1507 4244 conces

285 4281 337 4356 sit.
362 4281 437 4359 Non
468 4281 678 4359 obstantibus
704 4283 738 4360 in
769 4285 969 4358 eontrarium
1001 4282 1197 4359 iacientibus
1229 4283 1507 4376 quibuscumque.
