3134 4918
803 399 849 416 ...
877 331 946 432 435
974 394 1022 413 .-

293 503 445 600 ejusdem
478 502 668 587 concessio,
694 520 797 594 qnam
829 501 1091 575 instrumentum
1117 499 1150 571 in
1176 497 1373 583 (lodicibus,
1407 517 1469 574 seu
1493 501 1522 574 in

149 668 159 686 .
291 617 373 692 actis
397 617 617 710 Episcopatus
639 619 821 698 remaneat,
848 619 882 687 et
905 610 1134 686 testimonium
1158 610 1276 683 saltem
1293 611 1327 682 in
1349 610 1522 688 codicibus

291 729 456 813 Pareoiae,
481 747 544 802 seu
568 727 632 801 loci
657 727 715 802 ubi
740 721 863 802 luerint
883 730 1013 801 erectae
1037 722 1206 820 praelatae
1228 723 1412 811 stationes,
1444 726 1523 802 inse-

290 847 406 917 ratur·
421 898 428 915 .
444 839 506 914 ilie
532 844 577 912 25
604 838 947 933 Septembris'tttlt.
1299 852 1300 860 ¹

845 1036 964 1108 DXIX.

692 1187 958 1238 aurnnumcrrarrs
979 1184 1124 1236 croscum

493 1295 594 1347 vulco
615 1281 745 1349 cuttu
766 1279 1031 1346 abnoctandi
1052 1277 1234 1344 cannielli
1254 1293 1322 1344 arc.

673 1387 807 1454 Decimae
827 1385 973 1453 Editiom's
992 1387 1142 1451 umnam

362 1514 522 1591 coelestis
547 1513 832 1606 indulgentiarum
860 1511 1010 1586 thesauri
1035 1511 1241 1604 dispensatio
1261 1512 1377 1604 magni
1393 1531 1524 1608 semper

288 1629 410 1724 initio
434 1627 581 1701 Ecclesia
605 1627 784 1716 momenti,
810 1633 848 1698 ut
872 1623 1145 1698 christifidelium
1170 1622 1304 1698 devotio
1336 1633 1522 1717 angeretur,

287 1740 387 1816 Fides
412 1738 670 1834 splendesceret,
697 1739 783 1831 Spes
807 1738 943 1830 vigeret,
970 1745 1004 1811 et
1028 1736 1179 1810 Charitas
1205 1737 1426 1812 uehementer
1442 1741 1524 1811 inca-

287 1854 438 1927 lesceret.
465 1851 575 1924 Sacris
600 1849 742 1944 proinde
767 1848 983 1942 indulgentiis
1009 1849 1117 1922 uarias
1143 1849 1326 1942 pluresque
1351 1851 1524 1925 Orationes

288 1984 327 2038 ao
352 1966 406 2058 pia
430 1965 540 2057 Opera
571 1963 702 2037 Summi
732 1963 875 2035 Romani
905 1960 1083 2035 Pontifices
1116 1959 1222 2034 ditare
1251 1963 1345 2034 omni
1374 1969 1525 2056 tempore

286 2075 496 2150 studuerunt.
523 2073 591 2150 Sed
616 2072 804 2167 aliquando,
822 2075 926 2146 immo
952 2073 1051 2146 etiam
1076 2090 1178 2166 saepe
1203 2073 1340 2147 evenire
1365 2075 1465 2160 solet,
1490 2081 1526 2148 ul

284 2187 513 2280 indulgentiae
538 2186 641 2280 ipsae,
668 2204 813 2278 quarum
838 2203 921 2258 osus
947 2183 1134 2257 christiano
1151 2185 1276 2278 populo
1301 2187 1455 2262 maxime
1478 2195 1526 2260 est

285 2301 448 2384 salutaris,
466 2317 535 2372 non
560 2299 730 2372 lucrentur
746 2298 800 2371 uel
825 2297 903 2390 quia
929 2314 1045 2370 earum
1062 2297 1297 2371 concessiones
1318 2299 1525 2390 ignorantur,

284 2412 338 2486 vel
363 2412 442 2504 quia
466 2411 510 2485 ad
534 2429 591 2486 eas
617 2409 848 2502 acquirendas,
876 2427 963 2502 quae
989 2408 1275 2482 indiscriminatim
1292 2410 1336 2482 in
1354 2413 1524 2486 nonnullis

285 2524 467 2617 opusculis,
490 2530 546 2597 aut
571 2522 656 2595 loliis
681 2521 902 2614 reperiuntur,
920 2539 984 2594 nec
1004 2521 1165 2614 singulae,
1183 2540 1247 2596 nec
1264 2523 1416 2615 integrae
1434 2545 1526 2618 prae

283 2637 426 2728 scriptae
459 2633 667 2707 conditiones
699 2632 925 2706 declarantur,
954 2633 1179 2720 Quamobrem
1213 2641 1465 2727 opportunum,
1491 2655 1526 2710 ac

282 2747 510 2820 necessarium
533 2732 731 2837 jamdudum
762 2743 954 2830 uidebatur,
981 2751 1018 2820 ot
1043 2747 1310 2840 quamplurimae
1335 2749 1525 2832 orationes,

281 2874 346 2931 nec
370 2875 439 2931 non
464 2856 519 2950 pia
545 2874 657 2948 opera,
683 2857 863 2950 praecipue
889 2855 958 2943 illa,
985 2858 1110 2950 quibus
1135 2875 1179 2932 ex
1203 2859 1419 2951 generalibus
1447 2880 1526 2934 con·

282 2968 491 3043 cessionibus
516 2967 732 3042 summorum
766 2969 965 3044 Pontificum
990 2970 1220 3064 indulgentiae
1244 2979 1325 3046 sunt
1349 2972 1524 3060 adnexae,

229 3071 233 3078 ’
282 3099 326 3156 ert
351 3081 422 3154 suis
448 3081 617 3174 germanis
634 3081 781 3155 lontibus
806 3080 950 3155 fideliter
966 3082 1096 3168 bansta,
1122 3089 1223 3174 atque
1247 3084 1365 3159 ordine
1381 3085 1524 3179 digesta,

281 3199 314 3266 et
339 3193 441 3267 simui
465 3193 602 3266 collecta
626 3192 661 3265 in
686 3191 807 3284 uulgus
824 3191 1014 3267 ederentur.
1041 3193 1079 3267 ld
1104 3193 1287 3287 quoderat
1311 3197 1346 3269 in
1364 3199 1456 3272 uotis
1473 3218 1524 3272 su·

280 3301 468 3396 p'erioribus
494 3302 590 3376 annis
616 3302 753 3396 perfecit
770 3303 852 3376 alter
877 3323 921 3377 ex
944 3305 995 3388 iis,
1015 3305 1074 3397 qui
1099 3325 1117 3377 a
1144 3305 1303 3379 consultis
1328 3314 1410 3381 sunt
1431 3329 1526 3401 prae

280 3415 375 3489 electi
399 3414 501 3507 hujus
526 3414 648 3487 Sacrae
673 3414 946 3508 congregationis
972 3415 1201 3508 indulgentiis
1227 3417 1410 3511 Sacrisque
1437 3421 1523 3495 Reli·

279 3525 367 3618 qoiis
399 3526 619 3619 praepositae.
646 3525 835 3602 Praedictas
861 3529 951 3602 enim
977 3529 1169 3614 Orationes,
1196 3548 1235 3603 ac
1264 3531 1319 3622 pia
1349 3531 1524 3624 Operain

277 3655 385 3710 unum
409 3636 576 3710 volumen
602 3645 755 3712 accurate
779 3638 840 3713 sed
864 3658 933 3712 non
958 3640 1154 3727 leuilahore
1174 3640 1314 3735 redegit,
1341 3643 1525 3735 injunctas

278 3765 347 3840 que
371 3746 598 3823 condictiones
623 3766 684 3840 pro
705 3750 816 3843 ipsius
837 3739 1053 3843 indulgentiis
1079 3751 1301 3844 assequendis
1318 3754 1522 3846 singillatim

278 3859 451 3952 exposuit,
479 3859 635 3953 typisque
667 3879 756 3934 nona
781 3863 854 3935 vice
887 3863 1052 3954 evulgavit
1081 3863 1185 3936 huno*
1209 3864 1384 3938 millesimo
1413 3869 1523 3941 octin-

244 3973 247 3978 '
276 3973 464 4062 genlesimo
492 3971 664 4066 trigesimo
689 3974 848 4066 septimo,
867 3982 1035 4050 annuente
1057 3976 1129 4068 ipsa
1147 3975 1220 4050 Sac.
1238 3976 1522 4069 congregatione.

350 4079 436 4157 cum
461 4100 542 4158 vero
567 4082 657 4158 idem
675 4083 798 4158 ductor
823 4085 989 4160 decimam
1015 4085 1211 4180 huiusmodi·
1224 4087 1443 4163 collectionis
1460 4093 1524 4165 ilo

276 4209 409 4268 maoam
435 4194 624 4271 ilditionem
650 4205 798 4284 auctam,
823 4198 925 4273 modo
954 4200 1146 4294 imprimere
1177 4198 1342 4274 studuerit
1349 4218 1358 4290 ;
1384 4201 1522 4279 Eadem

276 4305 349 4382 Sao.
375 4306 595 4402 congregatio
619 4307 872 4406 praelaudatum
892 4330 979 4406 opos
995 4311 1087 4388 baud
1107 4311 1210 4389 dubie
1225 4312 1366 4406 perutile
1385 4313 1519 4392 ilerum
