3214 4928
588 384 780 454 ..29-

113 517 170 598 ruti,
190 519 244 590 etsi
264 535 335 591 noir
361 517 479 592 dicam
502 520 650 611 painqao
674 521 772 594 Pater
797 525 829 594 ot
853 519 935 605 Are,
949 521 1160 615 participent
1180 537 1295 598 annos

109 629 590 834 ‘irminmmams’
629 634 768 723 otiaque
802 634 892 706 bono
924 634 1123 726 spiritualia
1158 635 1296 710 Ordinis

158 853 199 924 2⁰
220 858 272 926 An
296 858 450 930 visitatio
475 859 650 932 liranum
674 859 826 951 suppleri
837 860 986 952 possita
1006 859 1243 954 Constantius
1258 861 1296 936 in

104 965 190 1037 alieno
212 969 375 1052 declino,
396 972 584 1064 praecipuo
611 970 750 1062 qnando
775 976 854 1045 sant
869 973 906 1044 in
924 973 1016 1056 locis,
1035 973 1072 1044 in
1089 973 1211 1064 qnilrns
1226 991 1296 1048 non

102 1081 135 1146 ot
152 1079 290 1154 Mesia
318 1081 459 1156 Ordims
485 1085 519 1156 S.
545 1085 738 1176 Ananstini
765 1088 828 1156 ant
851 1102 921 1157 non
946 1089 994 1158 est
1011 1089 1124 1158 erecta
1151 1084 1296 1179 Contra·

101 1191 212 1263 linitos
237 1194 529 1277 Cinctaratoram,
556 1200 588 1268 ct
613 1213 660 1268 on
677 1196 852 1288 Principes
868 1197 904 1268 in
926 1197 1077 1269 iicalnia
1101 1197 1225 1270 Aulion
1243 1197 1295 1270 la·

100 1303 170 1374 aori
186 1306 316 1395 possint
342 1307 580 1400 indalpontias
603 1307 809 1382 visitationis
833 1308 1031 1382 Attalium?

151 1415 194 1486 3.⁰
217 1421 270 1490 Aa
296 1419 444 1511 asfficiat
471 1421 652 1512 Cinpnlarn
678 1419 993 1511 quomodocunque
1018 1419 1173 1514 dolorm

149 1527 193 1598 i.⁰
215 1533 268 1602 An
288 1551 358 1624 par
382 1533 723 1606 communicationem
740 1532 1003 1625 privilepiororn
1028 1537 1062 1605 at
1086 1533 1294 1623 pontianam,

98 1653 153 1708 an
175 1641 298 1716 &dina
326 1645 360 1715 S.
387 1645 587 1736 inpudici,
615 1650 647 1716 ct
672 1663 749 1718 cam
779 1645 858 1716 aliis
893 1643 1077 1718 Ordinibus
1105 1644 1295 1719 Cinctnrati

93 1753 269 1844 prticipant
294 1757 414 1828 omnia
440 1776 546 1849 opera
572 1757 663 1830 bona
689 1757 792 1829 totius
817 1757 998 1830 militantis
1022 1757 1216 1832 aaran?

148 1863 211 1936 Sao.
237 1865 459 1958 congregatio
484 1867 550 1941 diei
577 1873 621 1940 22
648 1868 827 1942 naumain
848 1872 939 1939 iiii
967 1868 1141 1960 respoudit
1226 1879 1232 1890 ·

146 1975 191 2046 in
217 1982 278 2049 i.¹¹
303 1981 536 2053 Beuetaciores
569 1979 753 2071 gaudentes
779 1977 967 2053 affiliatione
997 1979 1132 2054 Ordinis
1165 1981 1199 2054 S.
1225 1980 1295 2056 Au·

96 2087 190 2172 enini
214 2091 395 2184 participes
421 2109 496 2166 asse
521 2093 687 2166 bonorum
714 2109 865 2186 operam,
892 2109 979 2183 quaa
1004 2091 1089 2166 dunt
1113 2093 1149 2165 in
1174 2091 1295 2168 eodem

95 2195 200 2285 nilne,
225 2205 288 2276 etsi
314 2204 466 2296 quinqua
491 2207 596 2281 Potor
622 2209 654 2278 et
679 2207 749 2278 Aac
773 2223 842 2278 non
870 2205 1019 2290 reoinnt,
1049 2211 1084 2279 ot
1103 2204 1294 2283 Connatres

95 2325 144 2380 noo
164 2313 305 2404 gaudae
331 2316 549 2408 indulgentiis
565 2317 629 2391 nisi
647 2318 788 2391 recitent
807 2317 959 2408 aunam
974 2319 1080 2390 Potor
1105 2321 1137 2392 ct
1162 2317 1242 2391 Aoo.

148 2423 193 2497 id
215 2432 279 2499 2¹¹
305 2429 474 2520 Negatise.

147 2535 192 2608 Ad
216 2543 278 2611 3.¹¹
303 2539 473 2632 Negaiive.

146 2647 190 2718 nd
214 2655 276 2723 i.¹¹
301 2652 491 2738 Quamlibet
515 2651 664 2726 Fidelem
689 2653 890 2726 existentem
916 2653 950 2726 in
976 2651 1078 2744 gratia
1096 2648 1292 2744 participare

93 2753 227 2835 donus
252 2765 414 2859 operibns
439 2765 606 2840 Militantis
631 2766 809 2840 Ecclesiae.

634 2965 717 3040 xii.

215 3180 341 3234 annisis
368 3179 597 3236 ennosiconnn
622 3181 832 3234 nunnunniun
858 3176 1138 3232 conannunnioins

548 3308 810 3360 winnnsinnnsis.

104 3435 108 3444 '
149 3439 193 3508 tn
217 3441 387 3516 artesae
415 3441 668 3516 canonicorum
693 3447 726 3514 ot
754 3441 1021 3514 Canoaissarnrn
1048 3440 1292 3532 Gonprepotio·

95 3541 133 3612 nis
158 3549 417 3626 ii'indesimonsis
441 3554 646 3645 unicamque
663 3555 841 3626 cantantes
853 3553 1041 3645 participas
1057 3553 1126 3626 sint
1141 3555 1294 3625 omniurn

98 3651 374 3751 macarianam,
403 3667 524 3756 quibas
549 3665 679 3758 pandet
706 3666 934 3758 Conprepotto
954 3666 1206 3740 &canicorum
1224 3665 1292 3740 Lo·

99 3767 317 3850 innuendam?

150 3885 210 3962 Soc.
226 3892 448 3985 congregatio
465 3893 531 3966 diei
552 3899 595 3964 ii
613 3892 786 3966 Februarii
802 3890 976 3984 respondit
999 3917 1011 3952 r
1028 3886 1243 3964 mantiae.
1260 3921 1274 3958 ι

627 4090 725 4163 xiii.

112 4327 118 4340 ·
154 4227 193 4297 i.⁰
213 4233 266 4304 An
292 4231 432 4324 quanda
457 4232 495 4305 in
519 4232 685 4306 Brevitas
712 4231 837 4323 lopitor
861 4229 1027 4317 «Quoties
1044 4227 1227 4302 Ecclesiam
1243 4225 1292 4298 ni·

100 4335 233 4419 eraserint
256 4347 312 4419 rei
335 4345 418 4438 auid
442 4346 551 4420 simile
577 4375 589 4409 ι
612 4347 729 4438 plnres
745 4343 930 4418 Ptcnariae
947 4341 1186 4436 indalpantiae
1202 4357 1294 4416 earn·

104 4437 158 4520 len
176 4455 353 4535 &claim
377 4478 447 4533 ano
473 4457 528 4530 die
552 4457 725 4535 visitando
752 4457 887 4548 acaniri
911 4456 1039 4548 possit?
