3164 4926
611 347 804 414 ..93-

87 479 207 550 tionem
235 477 505 551 mutiuuumr»
535 477 660 554 Eadem
677 481 779 557 Sacra
805 481 1025 574 congregatio
1049 480 1103 556 die
1129 487 1152 554 9
1177 481 1320 557 Februa·

86 593 119 664 rii
146 597 245 666 ¹745
271 592 550 685 respondendum
573 612 650 666 esse
667 596 797 668 censuit
820 623 833 658 ι
857 594 1063 670 Affirmatire
1079 625 1113 668 ›.
1130 596 1180 669 lio
1196 596 1320 688 quibus

85 703 163 776 beta
189 723 255 796 per
279 721 339 777 me
364 705 611 798 infrascriptum
637 707 858 781 Secraurium
884 707 939 780 die
970 713 990 779 3
1018 706 1169 800 ejusdem
1194 707 1321 781 mensis
1416 769 1418 774 ,

84 816 303 889 Sanctissimo
330 818 472 891 bomine
497 819 618 893 Nostro
634 820 804 906 relatione,
832 819 995 894 Sanctitas
1021 821 1089 894 Sua
1114 825 1229 894 votum
1248 821 1321 893 Sao.

84 929 357 1022 congregationis
385 931 590 1024 approbavit.

636 1045 671 1118 C.
699 1045 803 1118 Cano.
829 1063 872 1116 nu
897 1047 1101 1119 Hrunoururs
1126 1046 1248 1119 Pudnu.

562 1159 607 1231 d.
634 1155 682 1232 M.
709 1159 804 1232 biba
829 1159 925 1232 Prot.
951 1159 1165 1252 Apostolicos
1191 1160 1314 1234 Secret.

528 1341 538 1355 ’
616 1357 793 1432 CXXXIV.

488 1502 686 1558 rnowttcmu
712 1502 919 1558 ruemrtrtttb

153 1606 246 1680 Cum
272 1625 293 1678 a
318 1606 513 1702 longissimo
543 1616 696 1702 tempore
731 1611 827 1683 Pium
861 1611 1090 1701 Sanctamque
1120 1607 1325 1682 Exercitium

87 1719 164 1792 liae
189 1718 323 1802 Crucis,
348 1727 387 1792 nt
411 1728 540 1804 vocant,
568 1722 701 1794 obirent
717 1723 847 1794 Fratres
865 1723 1011 1796 Minores
1024 1721 1225 1813 Cappueciui
1241 1740 1326 1794 nuu-

85 1839 194 1924 eupat
222 1831 419 1906 Provinciae
444 1835 638 1908 santanae
655 1851 736 1906 suos
752 1851 840 1926 pene
863 1834 1068 1916 Conventus,
1086 1850 1232 1924 cumque
1247 1851 1325 1926 pro·

85 1944 231 2034 mulgata
266 1944 410 2020 subinde
444 1945 689 2020 Constitutione
721 1947 775 2018 Sa.
808 1947 872 2020 lle.
903 1945 1084 2018 Clementis
1116 1945 1195 2030 llll,
1229 1946 1325 2037 cuitus

86 2056 217 2128 initium
246 2064 300 2129 est
323 2084 336 2120 ι
360 2059 498 2151 Bapeni
522 2060 619 2131 nubis
646 2087 657 2120 ι
683 2077 750 2150 qua
775 2058 912 2130 incultas
930 2057 1080 2148 erigendi
1095 2057 1193 2131 Viam
1210 2058 1326 2132 Crucis

87 2167 239 2240 ismistro
264 2168 421 2242 Generali
446 2169 579 2243 Ordinis
605 2169 772 2244 llinorum
798 2170 840 2243 de
861 2169 1080 2242 observantia
1096 2170 1130 2241 S.
1149 2169 1325 2254 Francisci,

86 2280 328 2371 fratribusque
354 2282 397 2354 ab
423 2300 463 2354 eo
489 2282 757 2375 dependentibus
786 2282 958 2366 tribuitur,
993 2283 1049 2355 isti
1080 2282 1212 2356 Fratres
1244 2282 1328 2374 Cap

87 2393 250 2483 puccinos
276 2394 457 2467 deturbare
481 2396 517 2468 in
542 2396 756 2488 possessione
782 2396 883 2487 hujus
913 2394 1061 2466 exercitii
1086 2395 1257 2487 coeperint
1282 2394 1326 2466 ob

90 2505 121 2574 id
145 2505 375 2598 potissimum,
402 2507 494 2598 quod
518 2509 648 2580 Erectio
674 2508 717 2582 ab
742 2509 824 2602 ipsis
850 2508 935 2580 lacta
950 2525 1020 2580 non
1037 2513 1144 2580 esset:
1170 2507 1327 2578 Procura-

89 2625 139 2689 tur
165 2619 342 2692 Generalis
367 2619 654 2712 Cappuccinornm
680 2619 724 2693 ad
749 2619 953 2693 remoieuda
974 2619 1084 2710 jurgia
1104 2622 1138 2690 et
1153 2613 1330 2690 dissentio-

90 2749 150 2802 ues
175 2749 257 2806 cum
283 2731 554 2805 Cbristilidelium
580 2731 736 2804 scandalo
766 2733 936 2816 subortas,
968 2732 1041 2804 Sac.
1073 2728 1328 2829 Congregationi

91 2843 311 2934 indulgentiis
337 2844 515 2934 sacrisque
539 2845 700 2936 deliquiis
724 2845 1008 2936 praepositaepro
1025 2842 1330 2916 manutentionem

91 2956 308 3046 pussessiom
334 2957 518 3029 erectionis·
536 2956 691 3031 antedicti
713 2957 871 3040 exercitii,
898 2963 932 3030 et
957 2973 1019 3049 pro
1044 2954 1329 3046 indulgentiarum

91 3070 310 3141 mucessione
326 3068 530 3140 humillimas
557 3087 675 3161 preces
702 3070 861 3160 porrexit.
880 3069 989 3154 Quare
1006 3067 1132 3140 Eadem
1149 3069 1222 3139 sac.
1241 3065 1329 3139 Cou-

93 3181 250 3272 negano
278 3179 389 3252 audito
416 3182 634 3254 Procuratore
667 3181 821 3254 Generali
852 3180 912 3252 FF.
941 3181 1107 3254 Minomm
1136 3178 1178 3251 de
1208 3176 1330 3250 Obser-

94 3293 211 3376 sanda,
238 3310 279 3364 ac
303 3293 444 3384 singidis
469 3293 635 3366 rationum
661 3292 841 3365 momentis
866 3290 945 3364 binc
969 3289 1048 3364 iude
1062 3288 1225 3372 deductis,
1252 3306 1329 3362 coe-

93 3405 240 3496 terisque
266 3403 309 3478 de
334 3423 429 3478 more
458 3405 611 3480 videndis
644 3412 773 3478 mature
803 3404 996 3496 perpensis,
1030 3421 1070 3476 ao
1101 3400 1251 3477 termetis
1276 3400 1329 3474 bis

94 3515 239 3609 desuper
255 3516 380 3602 dubiis,
397 3536 521 3612 nempe
541 3526 602 3591 l.¹11
627 3547 639 3580 ι
659 3521 713 3590 Au
736 3520 815 3590 Vioe
839 3516 954 3590 Crucis
973 3517 1135 3590 creetiou
1155 3516 1223 3587 ΡΡ.
1245 3513 1349 3606 Cap·

95 3631 243 3719 pucutois
271 3631 307 3702 io
333 3632 517 3704 bucineto
548 3633 734 3704 lbrrituuu
762 3635 841 3704 oute
857 3629 1171 3722 proruulpotioneuc
1198 3627 1329 3700 Consti-

99 3741 233 3812 tntiuuia
261 3742 320 3814 Su.
346 3743 411 3814 dle.
446 3741 621 3814 OEutteutis
647 3744 720 3814 Xll
741 3741 994 3814 submittantur?
1019 3746 1052 3812 et
1085 3745 1251 3830 quatenus
1275 3737 1331 3811 Al·

99 3851 269 3925 lirmatire.
286 3882 298 3917 »
328 3857 390 3926 pm
417 3855 496 3926 «Aa
513 3855 581 3926 illis
597 3856 664 3926 sint
681 3852 916 3926 concedendae
933 3851 1182 3945 ludolpentioe,
1210 3851 1331 3941 quibus

100 3965 247 4053 pendent
280 3967 357 4040 l‘iuc
385 3967 503 4041 Crucis
519 3972 649 4040 erectae
666 3989 689 4040 6
705 3968 867 4040 Patribus
890 3967 1063 4040 lituorum
1087 3964 1332 4038 Observantiee

104 4079 133 4148 s.
159 4080 357 4154 stuncbei?
380 4109 394 4143 ι
419 4080 479 4152 Die
498 4083 518 4150 9
537 4079 706 4153 Februarii
726 4085 819 4150 tlte
837 4078 967 4152 censuit
983 4075 1237 4152 rescribendum
1255 4089 1332 4145 esse

104 4187 153 4260 ad
178 4194 274 4260 tan«
304 4190 569 4284 supplicandum
602 4191 818 4266 sanctissimo
851 4208 912 4282 pro
945 4190 1131 4274 sanatione,
1165 4190 1332 4278 quamuus

108 4317 187 4392 opus
211 4303 264 4387 sit
288 4303 396 4382 dictae
420 4305 605 4382 Erectionis
630 4335 664 4379 ι.
695 4305 747 4382 ad
773 4310 837 4378 2¹³²
861 4330 873 4365 ‹
899 4302 1074 4378 Provisum
1100 4302 1135 4375 iu
1158 4298 1270 4394 primo
1294 4325 1330 4371 a.
