3164 4926
776 348 995 414 *les-

267 495 350 562 ucat
376 485 525 577 ideoque
552 485 586 558 in
612 484 801 559 summario
826 483 986 578 exprimi,
1014 479 1068 554 vel
1092 479 1196 554 deleri
1224 479 1335 573 potius
1368 478 1503 554 debeat.

266 601 352 674 ilinc
376 599 548 695 proposito
572 598 626 671 his
652 596 798 690 desuper
823 595 925 670 dubio
950 625 964 659 ι
988 596 1042 668 Aa
1069 594 1304 668 sommarium
1318 591 1507 686 indulcen-

268 715 398 788 tiertlm
410 710 808 804 Aroliooosrntcrur'tatr's
830 711 864 783 S.
878 705 1122 801 Mnrqocltlac
1149 707 1362 780 dertonensis
1381 707 1425 780 sit
1438 727 1506 799 op-

264 824 488 920 meccedem
513 825 550 896 iu
575 843 657 897 cusu
682 825 765 896 etei
797 820 923 896 Eadem
949 821 1022 894 Sec.
1050 820 1270 913 congregatio
1294 819 1349 892 die
1376 825 1420 890 27
1449 821 1506 892 Je-

268 939 377 1011 nuarii
403 941 496 1008 llis
522 935 797 1028 respondendnm
823 951 900 1008 esse
925 933 1092 1007 censuit»
1116 931 1380 1025 Approbandum
1407 948 1506 1012 esse,

268 1049 403 1142 dempto
432 1049 640 1142 paragrapho
669 1047 886 1131 duodecimo,
918 1053 951 1120 et
980 1045 1237 1138 supplicandum
1268 1043 1516 1127 sanctissimos

267 1169 305 1236 ut
329 1161 496 1236 declarare
522 1160 687 1252 dignetur,
714 1159 806 1252 quod
823 1158 941 1232 eadem
958 1159 1154 1232 extensione
1171 1156 1403 1243 tantummodo
1420 1175 1509 1248 gau-

270 1273 350 1348 dere
375 1274 506 1347 valeant
531 1271 669 1347 Sodales
695 1279 771 1346 ante
797 1272 1000 1346 erectionem
1033 1270 1180 1344 sodalitii
1212 1271 1248 1342 in
1278 1269 1514 1342 trentenaire-

269 1387 458 1462 temitatem
481 1387 550 1478 jam
577 1385 744 1476 adscripti,
771 1390 805 1456 et
829 1377 1008 1475 quousque
1035 1383 1068 1456 iu
1093 1384 1134 1455 iis
1160 1383 1324 1474 cujusque
1353 1381 1435 1454 loeis
1467 1381 1516 1452 si·

270 1499 358 1572 milis
391 1497 650 1571 confraternitas
679 1513 749 1568 nou
782 1495 974 1586 erigatur.»
1009 1496 1058 1568 De
1090 1494 1214 1585 quibus
1246 1493 1330 1566 iacta
1362 1510 1423 1586 per
1454 1510 1517 1564 me

270 1611 516 1702 intrasoriptum
543 1606 694 1700 ejusdem
720 1609 841 1680 Sacrae
866 1607 1140 1700 congregationis
1165 1606 1387 1682 secretarium
1414 1603 1510 1678 niel

271 1722 442 1796 Februarii
467 1720 620 1812 ejusden
645 1719 724 1792 anni
749 1719 966 1794 Sanctissimo
991 1720 1135 1796 llomino
1157 1720 1328 1806 relatione,
1346 1718 1519 1792 Sanctitas

272 1835 341 1908 Sua
367 1841 483 1908 votum
509 1834 582 1906 Sao.
611 1831 883 1924 congregationis
914 1831 1130 1926 approbando
1155 1831 1300 1924 benigue
1326 1829 1452 1906 arunt.

799 1945 858 2018 Fe.
884 1946 912 2018 l.
940 1944 1043 2018 cmc.
1070 1944 1338 2021 Pouromaesno
1364 1945 1489 2016 Pensa.

767 2059 808 2132 Α.
835 2060 881 2132 M.
908 2058 1003 2132 llrlto
1027 2059 1131 2132 Prota
1148 2057 1361 2152 spostolicae
1387 2057 1519 2132 secret.

819 2253 977 2330 CLXXV.

708 2412 859 2471 linense.
885 2417 919 2470 nt
944 2415 1083 2472 Alternia

351 2521 590 2599 sanctissimus
615 2521 779 2594 Dominus
804 2521 924 2595 Noster
949 2521 1149 2595 Benedictus
1176 2521 1238 2594 PP.
1264 2520 1341 2593 XIV
1365 2520 1428 2614 piis
1450 2520 1525 2594 Au·

278 2633 491 2728 gostissimae
517 2633 741 2724 imperatricis
766 2631 888 2707 Mariae
913 2633 1111 2706 Tnaeresiae
1136 2633 1325 2724 lluugariae
1342 2637 1376 2705 et
1391 2631 1526 2704 Botrae-

280 2745 369 2819 miae
394 2743 540 2836 Reginae
564 2743 722 2834 precihus
746 2742 812 2818 sihi
836 2761 898 2837 per
923 2743 1284 2818 Eminenlissimum'et
1298 2741 1526 2817 Reverendis-

281 2857 406 2930 simum
432 2855 613 2926 Dominum
630 2853 839 2929 cardinalem
852 2853 1085 2929 Alexandrum
1099 2855 1218 2928 Albani
1235 2855 1326 2950 apud
1341 2857 1377 2930 S.
1394 2855 1527 2928 Sedent

283 2969 477 3060 Regnorum
503 2973 536 3040 et
561 2967 715 3040 statuum
740 2969 847 3060 ipsius
871 2968 1055 3042 Gaesmeae
1083 2969 1280 3060 Maiestatis,
1314 2987 1353 3041 ae
1384 2969 1530 3040 Germa-

282 3079 691 3170 uiaedomprmectorem
717 3081 893 3172 porrectis,
920 3081 1044 3172 quibus
1071 3081 1170 3154 enixe
1195 3081 1418 3173 supplicatum
1447 3080 1528 3165 luit,

282 3198 321 3265 ut
344 3191 528 3264 Ecclesiam
553 3192 798 3266 canonicorum
815 3193 1028 3285 Regulerium
1044 3195 1080 3267 S.
1094 3194 1270 3285 Augustini
1288 3193 1366 3266 Loci
1382 3193 1531 3286 llieeiug

284 3303 454 3376 dioecesis
479 3303 682 3378 viennensis
708 3305 743 3376 in
768 3306 901 3378 Austrie
933 3306 1065 3399 Pelagio
1096 3307 1261 3379 Cameren
1290 3305 1394 3396 Regio
1419 3307 1531 3378 conti·

285 3433 386 3506 guam
413 3415 455 3488 ed
479 3415 590 3488 Dirini
615 3417 724 3490 uultus
749 3419 993 3493 incrementum
1022 3425 1057 3491 et
1088 3417 1132 3491 ad
1164 3419 1407 3492 conloueudam
1440 3435 1531 3510 erga

286 3527 422 3600 aarum
446 3527 617 3618 virginem
644 3529 780 3601 Mariam
805 3531 1054 3604 immaculatam
1079 3529 1351 3604 curisufidelium
1378 3529 1533 3602 devotio

286 3655 366 3712 nem
392 3636 518 3712 liberali
544 3640 738 3714 coelestium
764 3641 1051 3733 indulgentiarum,
1072 3651 1252 3714 munerum
1275 3642 1532 3735 dispensatione

289 3749 513 3824 condecorare
538 3749 731 3841 dignaretur
753 3752 901 3843 henigne
927 3753 1113 3837 inclinatus,
1131 3753 1221 3826 dieti
1239 3754 1408 3828 Februarii
1428 3758 1531 3825 llitt

289 3879 331 3936 er
357 3861 492 3954 speciali
524 3862 627 3952 gratia
660 3863 915 3954 augustissimis
943 3865 1120 3938 Francism
1153 3866 1265 3940 Primo
1297 3867 1533 3940 Rornanorum

289 3973 403 4047 illecto
427 3974 631 4066 imperatori,
657 3973 844 4066 Eidemque
867 3977 990 4050 llariae
1014 3978 1213 4052 Tnaeresiae
1237 3979 1442 4072 imperatrici
1464 3977 1535 4050 lte·

290 4084 398 4178 ginae,
425 4103 464 4158 au
488 4085 719 4161 serenissimis
735 4088 885 4180 ipsorum
903 4089 1079 4182 utriusque
1096 4091 1185 4164 liliis
1202 4090 1446 4164 Archiduoilrus
1465 4107 1537 4162 ner,

290 4215 359 4272 nou
386 4195 504 4272 carolo
529 4198 683 4283 llendro,
710 4200 941 4291 lotharingiae
966 4201 1110 4295 Principi
1130 4203 1270 4296 ejusque
1287 4203 1393 4278 sorori
1408 4201 1536 4278 ennae

292 4307 512 4400 Psintipiesae
537 4311 747 4404 metensque
772 4318 806 4390 et
829 4313 970 4406 singulis
995 4313 1171 4409 utriusque
1192 4333 1295 4390 serus
1313 4316 1441 4396 nomas
1457 4313 1535 4390 Au-
