3130 4920
548 440 593 456 -·
621 409 685 474 3Ξ1
719 439 764 456 -

83 545 121 618 us
141 545 349 618 exueram.
367 544 604 617 sanctissimus
629 544 791 618 nonanus
810 545 930 618 umor
946 543 1024 618 evus
1041 546 1103 619 vr.
1122 545 1180 620 vu
1197 497 1275 620 ‘ero

81 665 155 750 plens
182 657 298 750 pariter
326 663 362 730 ut
395 675 414 728 3
446 655 601 731 fidelibus
633 662 762 729 butum
792 656 857 730 boc
889 657 1155 730 Sacramentum·
1174 675 1276 752 saepe
1408 741 1415 758 ⁸

80 767 172 841 debitis
195 775 367 842 veneretur
391 767 586 851 honoribus,
613 774 647 842 et
671 767 832 840 memoria
857 765 957 859 lrujus
982 767 1199 841 institutionis
1221 770 1275 862 ju·

79 881 142 970 giter
162 879 334 969 reculator;
364 878 601 952 nonnullorum
626 879 756 972 piorum
783 879 1089 954 Ecclesiasticorom
1119 881 1275 956 Virorum

78 991 202 1086 precibus
225 993 370 1084 benigne
395 1009 547 1066 annuens
572 1010 640 1065 non
664 993 774 1066 solum
801 992 1009 1066 conllrmavit
1033 1011 1075 1066 eo
1099 992 1216 1076 modo,
1242 1001 1276 1070 ct

78 1104 156 1176 brna
184 1104 355 1177 Partialem
382 1110 415 1178 el
440 1103 626 1178 plenariam
657 1103 900 1196 indulgentiam
926 1123 946 1175 3
972 1103 1025 1177 iel.
1051 1122 1117 1178 rec.
1149 1105 1207 1178 Plu
1232 1105 1276 1178 tu

77 1233 221 1290 mnuessas
245 1216 309 1289 rite
333 1215 503 1309 dispositis
528 1215 806 1290 christifidelibus
832 1216 1048 1289 recitantibus
1073 1217 1276 1291 Eucharisti-

76 1345 132 1400 mn
158 1328 351 1401 lincomium
376 1327 468 1400 «Sin
500 1326 618 1401 induto
650 1328 909 1420 eriuprcziatu
940 1327 1022 1420 ogei
1053 1333 1223 1403 momento
1249 1329 1276 1403 il

76 1441 244 1514 83313133
271 1460 289 1515 c
315 1440 524 1514 divinissimo
552 1443 829 1533 8393333333»,
852 1439 905 1514 vel
931 1446 1097 1532 quatenus
1122 1459 1208 1534 opus
1233 1441 1276 1514 sit

74 1551 190 1625 bnovc
206 1554 239 1626 in
257 1561 459 1648 perpetuum
485 1555 670 1642 concessit3
688 1571 805 1627 verum
823 1552 922 1626 etiam
939 1551 1182 1644 indulgentiam
1199 1571 1276 1627 cen-

74 1669 125 1736 tnm
143 1664 266 1738 derum
289 1683 352 1758 pro
378 1665 543 1738 universis
569 1663 856 1750 christifidelibus,
875 1683 981 1756 quum
999 1670 1148 1758 tempore
1174 1683 1277 1758 expo-

73 1775 173 1848 sitieris
203 1777 277 1849 Sac.
312 1775 540 1849 Eucharistiae
572 1775 775 1848 sacramenti
800 1776 835 1848 iu
865 1776 1021 1850 Oratione
1053 1775 1276 1868 Quadraginta

72 1887 213 1976 bummm,
239 1890 294 1965 vel
320 1890 381 1962 alia
407 1889 450 1962 de
475 1907 575 1962 causa
606 1887 818 1982 peragendae
843 1890 977 1982 signum
1011 1908 1192 1982 campanae
1216 1908 1277 1983 per

73 1999 192 2092 sbgulas
214 2002 436 2093 boras'atque
453 2007 603 2094 tempore
628 2000 869 2074 benedictionis
892 2020 971 2076 eum
988 2001 1204 2075 sanctissimo
1220 2003 1278 2074 83-

74 2114 275 2188 33333313
303 2131 516 2205 quacumque
541 2113 687 2188 Ecclesia
704 2111 775 2186 dari
801 2114 933 2186 solitum
960 2112 1156 2198 audiverint,
1174 2120 1208 2189 el
1223 2132 1278 2188 su-

71 2235 331 2313 pramemoratum
345 2225 607 2299 Eucharislicum
621 2226 820 2298 lincomium
838 2225 939 2298 corde
955 2225 1095 2300 contrito
1108 2245 1148 2299 ac
1159 2225 1279 2300 devote

70 2335 271 2422 recitaverint,
298 2337 445 2429 benigne
471 2355 531 2430 pro
557 2357 760 2431 unaquaque
792 2338 865 2411 vice
895 2336 1086 2410 lucrandam
1118 2337 1276 2412 extendit.

70 2446 222 2542 l'oluitque
246 2449 412 2524 Sanctitas
438 2451 505 2522 Sua
531 2450 773 2541 indulgentiam
804 2450 891 2522 bane
923 2449 1099 2522 animabus
1129 2448 1278 2522 lidelium

69 2556 276 2636 deducturum
302 2579 365 2657 per
389 2561 528 2635 modum
553 2561 701 2654 sudragli
725 2579 827 2654 pnssc
852 2561 1023 2655 applicari,
1050 2569 1083 2634 et
1108 2560 1278 2655 perpetuis

70 2668 164 2746 tuturis
187 2673 398 2769 temporibus
424 2674 553 2765 absque
577 2673 643 2747 ulla
668 2674 783 2747 Brevis
808 2672 1021 2766 expeditione
1045 2672 1229 2746 valituram.

123 2785 235 2861 batum
262 2789 391 2860 Romae
416 2805 460 2859 ex
485 2786 668 2862 secretaria
693 2785 767 2859 Sao.
798 2785 1070 2879 congregationis
1099 2784 1276 2877 indulgen·

70 2893 165 2972 lltrutu
189 2899 244 2974 tlie
271 2905 320 2972 30
345 2899 433 2973 13311
460 2903 566 2972 1818.

702 3013 849 3103 lvtpetus
877 3012 1053 3103 Cnstcguti
1080 3013 1203 3084 sceret.

611 3207 721 3281 cclx.

524 3353 616 3407 uubis
641 3355 683 3406 tv
708 3353 801 3407 ORBIS

124 3457 171 3531 br
195 3457 311 3533 debito
336 3459 513 3532 Pastnralis
537 3458 645 3533 Officii
661 3477 702 3532 es
722 3459 787 3532 alto
811 3459 983 3532 commissi
1008 3458 1149 3533 libenter
1174 3457 1279 3530 inten-

68 3563 164 3642 dentes
187 3571 330 3644 Romani
356 3570 534 3646 Pontifices
560 3571 602 3644 ad
628 3571 674 3643 lia
699 3589 760 3663 per
785 3589 872 3663 quae
892 3590 969 3664 erga
995 3569 1278 3662 Angustissimum

68 3675 299 3755 8333333133
332 3681 560 3754 Eucharistiae
592 3681 730 3754 Divinus
763 3682 872 3754 cultus
905 3681 1123 3772 fideliumque
1147 3678 1279 3754 devotio

68 3787 173 3882 diune
196 3794 359 3887 suscipiet
384 3794 627 3866 incrementum
654 3793 771 3868 fideles
797 3795 888 3888 ipsos
913 3793 956 3866 ad
981 3793 1090 3884 abqna
1107 3791 1161 3885 pia
1177 3810 1279 3884 opera

70 3897 95 3972 b
113 3903 310 3998 obsequium
336 3912 369 3980 el
394 3905 643 3979 venerationem
661 3906 761 3999 buius
778 3905 981 3980 sacramenti
1007 3903 1194 3978 exercenda
1215 3904 1281 3998 spi·

69 4009 220 4092 utualbus
246 4017 344 4091 donis
370 4016 551 4101 invitando,
578 4018 755 4092 nonnullas
780 4016 1004 4110 indulgentias
1027 4032 1129 4109 saepe
1145 4016 1280 4109 saepius

71 4139 248 4204 wlcasscre
272 4137 373 4223 atquc
391 4127 642 4222 ampliaverunt.
660 4131 707 4203 lta
732 4129 886 4203 Urbanus
902 4128 947 4200 lV
963 4145 1024 4220 per
1039 4145 1136 4200 suam
1153 4127 1279 4202 bullam

70 4231 262 4330 bciplentem
288 4243 563 4315 ‹cramteno›
588 4259 656 4333 qua
672 4240 879 4315 testivitatem
897 4236 1053 4332 Corporis
1077 4239 1209 4314 bomini
1233 4240 1280 4312 in·

72 4345 168 4437 siluit,
180 4354 341 4430 Martinus
355 4355 395 4439 V,
410 4353 581 4446 Eugenius
597 4353 653 4438 ltl,
671 4349 1142 4435 Panlnsv‚1nnocentius‚xt
1159 4357 1192 4425 et
1208 4349 1279 4432 llll,

173 4469 214 4538 21
