3182 4922
759 341 979 407 -tuo-

251 473 451 568 negationis
477 472 684 546 Praefectum
709 473 926 546 sanctissima
951 473 1093 546 uomina
1118 473 1238 546 lioslro
1263 471 1323 546 Pio
1345 474 1408 546 PP.
1440 476 1489 548 lx

246 587 407 662 relatione
432 587 467 657 in
483 583 660 658 bumentia
685 585 797 658 habita
821 585 876 660 die
905 591 949 658 12
974 585 1052 660 iulii
1079 589 1172 658 1847
1191 602 1297 677 super
1312 585 1434 678 pumo,
1453 594 1490 660 el

247 707 366 792 quarto
391 697 505 781 dnbio,
531 699 694 772 Sanctitas
720 699 789 770 Sua
814 699 930 788 quoad
954 699 1101 791 primum
1125 697 1272 790 benigne
1289 699 1407 774 annuit
1423 719 1490 792 pro

246 810 424 884 sanatione
451 809 562 900 quoad
588 809 823 901 praeteritum
849 818 884 883 ct
902 811 1015 903 quoad
1032 811 1180 884 iulurnm
1198 811 1366 886 concessit
1382 812 1490 888 tacul-

246 929 346 996 tatem
372 921 644 994 Eminentissimo
670 921 932 1016 nrcmepiscnpo
949 924 1195 1008 cameranensi,
1213 925 1287 1016 eins
1304 923 1372 996 rita
1389 931 1489 1000 natu·

246 1035 305 1107 rati
331 1033 482 1117 durante,
508 1039 608 1125 prout
632 1033 666 1105 iu
693 1032 781 1107 dicto
806 1033 910 1108 dubio
935 1053 1136 1128 responsum
1165 1042 1227 1108 est.
1259 1035 1378 1121 Quoad
1403 1053 1490 1112 vero

247 1147 355 1239 quarti
382 1145 474 1220 dubii
499 1146 849 1222 Eminentissimornm
882 1148 1017 1220 Palrnm
1050 1148 1326 1239 responsionem,
1356 1148 1491 1224 1111111111

245 1259 408 1336 Sanctitas
433 1260 500 1334 Sua
526 1260 707 1358 clementer
732 1261 858 1344 annuit,
884 1259 1069 1333 dummodo
1086 1259 1238 1352 legitimo
1255 1260 1418 1338 translata
1434 1261 1489 1334 sit.

793 1456 935 1530 DXCIV.

752 1643 971 1696 inuenerunt.

318 1824 504 1916 Episcopum
535 1823 775 1898 Valentiueusis
800 1824 965 1915 implorat
989 1821 1191 1896 solutionem
1216 1821 1415 1898 dubiorum.

321 1933 370 2008 t.⁰
396 1936 450 2008 Au
474 1937 648 2009 translata
664 1935 877 2008 solemnitate
894 1932 1112 2026 Epiphaniae
1129 1937 1190 2006 etc.
1210 1934 1246 2006 iu
1262 1935 1380 2026 chno
1405 1937 1490 2012 Gat-

246 2047 384 2132 tiaram,
411 2049 602 2121 translatae
618 2047 684 2120 sint
700 2047 834 2138 pariter
859 2045 1100 2138 tubrrlpcutiae
1126 2043 1195 2117 diei
1216 2047 1361 2138 proprio
1379 2046 1491 2122 abac

245 2177 315 2232 aaa
346 2160 397 2232 ito
422 2164 460 2232 at
484 2159 598 2252 fideles
624 2178 682 2232 aas
714 2159 846 2232 lucrari
872 2157 1005 2250 possint
1031 2156 1214 2232 Dominica
1238 2159 1409 2248 mouenti,
1439 2159 1491 2234 aa

246 2288 350 2362 quarn
376 2273 573 2346 solemnitas
599 2271 771 2344 translata
798 2272 869 2344 est?

319 2381 449 2456 191111
476 2385 534 2474 qui
559 2385 639 2456 eruit
667 2383 807 2464 Cruces,
841 2382 1053 2454 rerrrnisnaata
1078 2385 1139 2458 cic.
1166 2387 1204 2454 ul
1229 2399 1271 2454 ea
1299 2381 1489 2460 distribuat

240 2500 425 2588 prostpuarn
451 2496 627 2569 benedicta
651 2495 789 2590 suerint,
816 2513 893 2567 curn
919 2494 1151 2586 applicatione
1168 2491 1486 2586 tndnlpentiururn,

240 2609 349 2700 possit
375 2607 499 2682 boram
521 2613 635 2701 petora
655 2608 831 2700 praetium
848 2608 892 2680 cb
911 2606 1168 2698 accipientibus,
1195 2607 1267 2678 siue
1292 2609 1409 2700 culpa,
1433 2611 1489 2684 ccl

243 2720 315 2792 siue
334 2720 492 2811 periculo
517 2719 752 2814 ludulpenbas
784 2717 988 2793 amittendi?
1012 2718 1067 2789 An
1092 2719 1300 2791 omittantur
1331 2723 1485 2803 tantum,

246 2829 384 2922 quando
411 2832 486 2922 pais
511 2833 577 2904 sibi
593 2851 651 2906 eas
667 2851 720 2904 res
732 2833 897 2924 proprias
921 2831 1048 2923 iecerit,
1076 2835 1108 2903 et
1125 2831 1166 2904 iis
1187 2831 1389 2924 messuerit
1406 2852 1486 2908 curn

244 2943 428 3016 intentione
454 2943 614 3016 lucrandi
640 2943 899 3035 Induipeutias?

321 3053 370 3126 3.⁰
399 3055 545 3142 Quarum
567 3055 616 3128 aa
632 3054 868 3147 inaratamtias
894 3053 1081 3128 lucrandas
1102 3055 1352 3147 praescribitur
1369 3059 1485 3131 aratio

241 3185 309 3258 pro
334 3166 400 3260 fine
426 3165 652 3242 determinato
677 3186 746 3242 uer.
774 3186 826 3258 pr.
848 3185 916 3259 pro
942 3167 1172 3259 extirpatione
1205 3165 1392 3240 mouens
1422 3175 1483 3241 etc.

110 3277 128 3302 ⁸
244 3297 292 3352 au
317 3279 517 3369 requiratur
542 3279 683 3352 intentio
709 3279 884 3372 explicita,
912 3297 1073 3370 cupresso
1098 3279 1240 3370 sinpulis
1265 3279 1423 3352 uicibus?

319 3389 369 3462 t.⁰
394 3391 449 3462 Aa
465 3391 640 3464 visitantes
656 3391 823 3464 Ecclesias
843 3389 980 3464 01111111
1007 3393 1040 3464 S.
1066 3389 1243 3462 Francisci
1259 3388 1314 3462 alie
1331 3390 1483 3466 smuuba

243 3503 408 3594 Aupusti,
437 3503 612 3576 lucrentur
637 3501 892 3594 indulcentiarn
916 3502 1119 3575 Plenariarn
1151 3501 1249 3573 toties
1282 3502 1417 3592 quaties
1447 3503 1482 3574 iu

243 3633 302 3687 eas
327 3613 581 3705 inpradinniur,
608 3619 641 3687 et
661 3633 853 3707 parumper
870 3615 917 3688 ibi
935 3617 1061 3687 oranti
1086 3615 1130 3686 El
1154 3631 1203 3686 an
1227 3616 1432 3704 requiratur
1445 3617 1482 3686 ut

244 3728 436 3802 communio
462 3727 526 3821 fiai
551 3729 588 3800 iu
613 3725 734 3800 eadem
758 3727 934 3800 Ecclesia?

316 3840 389 3913 Sac.
417 3839 580 3932 Congreg.
598 3839 662 3912 snb
680 3838 734 3912 die
752 3844 797 3910 11
817 3838 985 3913 Februarii
1015 3841 1107 3910 1847
1128 3836 1311 3930 respondit,
1330 3843 1367 3910 ul
1386 3837 1476 3910 intra.

317 3951 369 4023 Ad
395 3952 541 4042 primurn
568 3949 807 4038 ‹affirmative
835 3953 920 4026 iacto
946 3949 1049 4024 uerbo
1075 3968 1152 4023 cum
1179 3949 1442 4024 sanctissimo».

315 4059 368 4132 lai
393 4061 581 4136 secundum
610 4063 793 4156 «negative
818 4064 861 4137 ab
885 4063 1028 4157 primurn
1054 4067 1208 4155 partem3
1235 4061 1277 4136 ad
1293 4061 1478 4136 secundam

244 4188 314 4245 non
339 4171 489 4266 indigere
515 4176 780 4268 responsione».

319 4282 371 4358 1111
398 4286 532 4362 tertium
558 4288 785 4380 «negative».
