3130 4920
747 370 965 440 -3584-

236 520 373 592 ciascun
390 518 512 609 oiston
530 511 622 588 detto
638 529 791 586 ooocoo:
817 509 1013 604 fiooimeote
1029 507 1058 579 si
1075 523 1265 580 concessero
1286 506 1356 576 {00
1378 502 1468 595 uior-

235 631 273 702 oi
297 627 552 719 e’nnoecoeozo
577 645 601 699 o
626 623 681 697 otri
705 623 863 696 recitasse
889 637 937 693 uo
963 620 1061 692 Peter
1086 617 1129 692 ert
1153 617 1224 690 Avo
1248 616 1392 690 ioooozi
1418 615 1470 688 ct·

237 737 424 833 t'tmooioe
450 739 506 812 det
532 740 638 812 Scuto
665 739 798 830 tunsio
823 735 860 806 itt
887 731 1027 813 Gtieso,
1053 729 1098 803 uti
1122 750 1145 802 o
1171 728 1226 801 otti
1258 728 1473 801 continuasse

236 850 332 925 dotto
347 853 456 924 recito
467 851 527 944 pet
543 867 639 923 corso
657 845 740 920 d’oo
756 860 844 920 mese
859 845 890 919 si
906 841 1055 918 occorto
1073 843 1110 916 irs
1127 843 1209 934 ocni
1224 859 1312 914 mese
1331 839 1473 913 tunnu-

236 981 345 1056 oeozo
370 964 549 1036 Pteoono.
563 959 814 1055 confessariosi
834 977 852 1032 e
876 954 1202 1032 communicandos.
1232 956 1351 1040 Questc
1374 957 1473 1025 sente

235 1074 444 1166 intrisecus
457 1073 573 1148 ioooo
590 1065 861 1166 meoniorrueote
876 1069 1028 1144 ditatoto
1046 1071 1082 1142 to
1099 1067 1277 1141 ctiooziooe
1295 1065 1350 1138 del
1364 1067 1473 1139 Serto

236 1183 279 1260 ed
303 1187 330 1259 it
356 1185 501 1279 &onore
517 1186 547 1260 si
572 1176 745 1278 compiocc
762 1181 800 1256 di
815 1181 977 1256 rorterio
991 1184 1192 1275 portentoso
1212 1181 1250 1253 io
1274 1178 1355 1251 tutti
1371 1177 1385 1250 i
1402 1179 1474 1250 too

237 1295 308 1390 eici,
335 1316 357 1370 e·
377 1313 508 1394 seroprc
533 1315 597 1371 coo
621 1295 782 1369 mirabile
803 1295 943 1388 profltto
970 1293 1057 1368 detto
1083 1293 1219 1381 cotom
1243 1301 1304 1364 oto
1330 1291 1474 1362 siccome

235 1399 335 1483 motti
359 1426 428 1484 ooo
451 1429 597 1505 possono
619 1429 685 1504 per
701 1427 748 1480 on
764 1426 853 1481 mese
878 1407 1038 1480 continuo
1063 1403 1204 1479 oisitore
1223 1401 1475 1496 oiorootmcote

237 1520 273 1593 ta
302 1513 422 1596 otiosa
447 1520 691 1597 recitandouo
707 1517 805 1593 Pater
828 1517 949 1592 Noster
973 1516 1018 1591 et
1041 1517 1113 1590 Are
1129 1515 1272 1589 innanzi
1291 1513 1476 1606 i'iotooioe

237 1631 293 1706 oet
320 1635 453 1718 Sueto.
473 1634 674 1730 sscppticooo
701 1633 738 1706 to
765 1635 798 1705 S.
831 1631 865 1705 V.
891 1646 914 1703 o
940 1629 1086 1722 ootercti
1116 1625 1308 1701 cccortooe
1333 1624 1395 1698 otte
1419 1626 1477 1700 oei

237 1744 351 1835 niorto
375 1749 412 1819 io
438 1749 599 1820 coisorso
624 1743 781 1838 impediti
806 1741 842 1814 di
869 1741 1003 1815 oodoro
1027 1741 1103 1814 otte
1132 1737 1253 1812 eutoso
1266 1739 1407 1830 possim
1424 1753 1477 1810 re-

237 1854 345 1929 citare
361 1859 398 1930 io
414 1877 497 1932 caso
523 1859 601 1952 quet
616 1857 713 1929 Pater
730 1853 773 1929 ed
789 1853 861 1950 Aue
877 1871 894 1927 e
912 1852 1143 1946 condoctore
1160 1849 1392 1941 t'trtdsttoertze
1409 1867 1478 1922 me·

237 1963 373 2051 decime,
400 1988 418 2042 e
442 1969 584 2042 siccome
615 1969 652 2040 ir
676 1986 724 2039 oo
749 1968 885 2060 oioroo
905 1965 998 2039 detio
1023 1965 1207 2037 settimorco
1232 1963 1261 2034 st
1285 1961 1423 2035 celebro
1448 1963 1476 2036 it

236 2077 347 2150 tiitiro
374 2079 411 2152 di
437 2079 527 2152 detto
556 2081 675 2162 Sento,
692 2077 879 2172 preceduto
907 2075 969 2149 dot
985 2075 1131 2149 tiosorio
1158 2074 1251 2148 detto
1268 2073 1476 2148 Beatissimo

242 2189 392 2281 Veroioe,
406 2189 566 2274 Prodico,
584 2189 773 2282 Preoiiero
790 2207 807 2263 e
824 2187 1050 2262 Benetiziooe
1068 2185 1394 2279 osttnoonsosstmo
1416 2189 1477 2260 So

237 2309 424 2387 cremento,
441 2301 667 2396 s’iosptorooo
683 2321 747 2395 per
763 2307 878 2394 questo
896 2303 1018 2393 oioroo
1036 2299 1271 2392 l’iudotoeoce
1287 2299 1476 2374 occoreiots

236 2413 305 2486 otte
339 2413 426 2489 dicct
458 2413 655 2489 comentrico
681 2413 718 2486 di
744 2417 777 2487 S.
806 2413 980 2488 Stooistoo
1008 2433 1027 2487 o
1055 2415 1144 2487 ottre
1169 2411 1325 2506 porrtoti
1354 2411 1475 2487 todot-

235 2544 348 2618 oeoze.
366 2529 578 2601 Fiootmeote
603 2528 633 2600 si
658 2525 897 2600 destituente
923 2531 1006 2602 tutte
1032 2525 1061 2600 te
1086 2525 1295 2619 indutuenzo
1316 2522 1476 2619 proteus

233 2635 263 2707 si
282 2639 422 2730 pessino
448 2639 625 2730 oppicore
646 2657 712 2730 per
736 2640 749 2709 i
775 2637 915 2732 cietuoti.

308 2750 544 2822 sanctissimus
570 2750 733 2821 Dominus
749 2750 868 2822 Noster
885 2753 953 2823 Leo
969 2751 1031 2823 PP.
1049 2751 1110 2822 xil
1131 2751 1313 2823 clementer
1328 2750 1477 2824 indutsit

236 2867 274 2933 ut
298 2877 404 2933 uuum
429 2863 535 2934 Potor
560 2868 593 2934 et
618 2864 694 2935 Aoe‘
714 2861 755 2934 ad
789 2857 944 2936 effectum
974 2862 1017 2935 de
1043 2881 1111 2953 quo
1139 2863 1173 2934 in
1198 2862 1375 2954 precibus,
1403 2863 1480 2935 ubi·

238 2989 383 3064 cumque
408 2971 557 3046 locorum
584 2975 618 3046 in
645 2983 724 3048 ce'su
751 2975 959 3050 necessitatis
976 2975 1114 3048 recitare
1137 2975 1268 3067 possint
1292 2981 1324 3048 et
1340 2975 1479 3048 ualeam

238 3092 370 3158 servato
396 3093 509 3160 tamen
535 3086 578 3159 in'
596 3088 732 3180 reliquis
758 3095 874 3160 tenore
908 3082 1036 3180 primae
1068 3086 1305 3159 concessionis.
1331 3086 1481 3180 Insuper

235 3197 393 3271 omnibus
419 3199 594 3294 utriusque
619 3219 723 3274 senus
749 3193 1040 3284 Christissdelibus,
1058 3199 1206 3292 praefato
1222 3198 1383 3272 Recessui
1402 3217 1480 3272 cor-

234 3307 277 3382 de
310 3309 427 3384 saitem
459 3314 600 3386 contrito
630 3333 669 3387 ec
701 3301 821 3386 deuote
854 3311 1148 3396 interessentibus,
1180 3315 1215 3384 et
1247 3329 1309 3404 pen
1338 3309 1481 3403 aliquod

232 3421 394 3515 temporis
419 3425 564 3516 spatium
587 3425 682 3517 juxta
708 3431 855 3499 mentem
883 3425 1071 3498 Sanctitotis
1097 3425 1185 3498 Suae
1206 3421 1261 3516 pie
1286 3423 1478 3508 orantibus,

233 3539 368 3608 centum
393 3533 524 3609 dierum
550 3535 793 3630 Indulgentiurn
818 3539 853 3611 in
880 3537 1021 3629 singulis
1040 3535 1213 3610 mensibus
1233 3535 1478 3628 acquirendum

230 3645 377 3739 benigue
402 3651 577 3722 concessit.
604 3650 840 3724 Praesentibus
866 3651 900 3722 in
926 3654 1126 3742 perpetuum
1162 3649 1312 3738 valituris
1340 3647 1479 3741 ubsque

231 3757 297 3832 uita
322 3761 436 3834 Brevis
462 3761 687 3854 expeditione,
714 3763 791 3835 cum
817 3761 971 3836 nouitate
997 3761 1040 3835 sd
1065 3761 1207 3834 formum
1229 3761 1380 3854 ipserum
1397 3779 1479 3856 pre·

232 3889 308 3944 oum
335 3873 369 3944 tn
395 3873 589 3966 suffragium
614 3873 765 3947 fidetium
792 3874 1025 3949 detunctorum
1048 3873 1246 3968 applicandi.

304 3981 425 4058 Datum
451 3982 577 4060 Romae
602 3975 645 4060 ex
672 3985 855 4061 secretoria
880 3987 954 4062 Suc.
985 3986 1260 4082 congregauonis
1288 3985 1478 4080 indulgen·

230 4093 352 4169 tionum
377 4097 431 4172 die
457 4103 499 4172 tt
530 4101 674 4174 tannarii
704 4105 809 4174 1826.

744 4213 784 4284 Α.
812 4205 970 4308 trctiep.
1002 4211 1243 4308 trapezuntio.
1271 4213 1398 4287 secret.
