3120 4924
592 359 809 428 -181-

169 491 350 579 Medullius,
369 493 425 567 331
441 494 573 579 cruces,
600 501 657 568 ant
680 493 841 569 crocotas
865 502 928 570 etc.
954 498 1012 586 (31
1036 498 1074 571 io
1093 501 1235 576 Decroio
1251 503 1312 578 sod

94 625 226 684 3333333
251 607 448 695 ccxxvi).
473 609 594 683 Ortum
618 609 744 682 1133333
769 607 824 683 die
850 614 891 682 st
921 609 997 684 13111
1024 615 1130 686 17511.

600 805 818 880 ccxxxiv:

516 951 644 1008 333333
669 953 697 1006 3.
722 949 891 1006 33333331
1167 996 1169 1004 .

154 1059 244 1132 cnm
269 1058 357 1132 sicut
380 1057 565 1132 humillime
586 1057 828 1151 expcnehatrn
841 1076 903 1150 per
927 1059 1186 1136 constitutiones
1201 1062 1315 1138 Mona·

92 1172 225 1244 cuorum
248 1169 383 1244 Ordinis
400 1171 435 1242 S.
452 1169 621 1244 Benedicti
637 1170 672 1242 13
688 1172 932 1263 cujuscumque
957 1172 1155 1266 Presbyteri,
1175 1173 1231 1248 331
1245 1175 1317 1248 cle·

89 1285 142 1358 riri
165 1289 225 1358 aut
250 1283 339 1356 laici
364 1281 499 1356 Ordinis
522 1282 661 1376 praeisti
676 1283 797 1358 diebus
821 1283 944 1368 obitos,
962 1284 1176 1370 3313113313,
1194 1287 1319 1379 aliquot

89 1397 204 1472 113333
227 1398 325 1489 juxta
350 1394 610 1470 constitutiones
634 1395 821 1488 praedictas
842 1397 866 1468 ’3
881 1397 1052 1473 1133331313
1067 1399 1103 1472 13
1122 1399 1226 1473 Sacro
1242 1401 1318 1474 Pre-

89 1510 276 1602 sbyteotus
308 1505 435 1582 Ordine
463 1508 650 1582 constitutis
674 1525 737 1601 pro
762 1508 873 1582 anino
897 1509 1235 1586 113133311331313331
1259 1510 1318 1586 de·

87 1625 202 1707 133331,
237 1627 297 1694 331
327 1621 474 1710 soleant3
506 1619 743 1694 sanctissimus
774 1619 937 1694 Dominus
969 1623 1088 1696 Noster
1119 1622 1319 1703 Benedictus

88 1737 143 1808 11.
169 1733 249 1808 xlv
274 1733 410 1826 praeuia
435 1731 644 1806 revocatione
670 1732 804 1806 alterins
830 1731 946 1806 similis
967 1732 1092 1808 (1333311
1116 1733 1254 1808 3313313
1272 1739 1317 1808 111

86 1849 156 1924 ocii
175 1851 274 1920 1755
292 1844 754 1940 3333311133331133113311333
770 1845 908 1918 nornine
924 1845 963 1917 11.
981 1845 1150 1920 1133331133·
1166 1846 1210 1921 de
1226 1847 1318 1921 11313-

85 1979 158 2034 nan
183 1958 329 2034 Abbatis
354 1957 584 2032 Wcrdinensis
615 1963 649 2031 et
680 1955 955 2030 Halmstodiensis
980 1957 1146 2032 Praesidis
1169 1957 1317 2051 congre-

85 2073 226 2167 gationis
251 2070 497 2146 Bursieldensis
522 2070 656 2145 Ordinis
680 2071 714 2142 S.
741 2069 910 2144 Benedicti
925 2070 962 2142 in
976 2070 1155 2144 cermeria
1171 2071 1314 2146 33113133.

84 2185 259 2282 porrectis,
284 2183 432 2276 benigne
448 2183 622 2266 concessit,
640 2188 687 2266 31,
706 2181 988 2273 quandocumque
1013 2181 1176 2258 Sacerdos
1197 2183 1316 2275 3113315

83 2298 236 2393 eusdem
263 2295 399 2371 Ordinis
415 2302 448 2370 et
464 2294 737 2387 congregationis
761 2294 898 2369 Missam
923 2293 1099 2368 33113313
1123 2293 1319 2372 3311331113

84 2414 290 2494 3331333333,
324 2409 376 2482 331
401 2409 437 2482 13
462 2407 525 2482 3113
548 2407 644 2500 juxta
669 2406 929 2480 constitutiones
954 2403 1117 2497 praefatas
1143 2405 1187 2479 ad
1210 2406 1317 2497 33311-

83 2542 229 2616 3333333
256 2521 368 2598 ditare
388 2520 611 2596 Ecclesiarnnr
627 2528 696 2592 tum
720 2518 972 2602 Monachornm,
1003 2536 1106 2609 quam
1127 2519 1318 2593 1133131133

83 2635 356 2731 cogregationis
379 2633 569 2726 praedictae
594 2650 696 2724 quam
722 2631 861 2704 aliarum
887 2631 987 2704 etiam
1012 2630 1237 2705 Ecclesiamur
1255 2650 1318 2725 pro

83 2753 215 2826 iliorum
242 2748 364 2829 331333,
391 2763 479 2838 quae
502 2747 573 2820 Deo
589 2745 625 2817 in
650 2743 807 2818 charitate
833 2743 1009 2836 conjuncta
1026 2743 1069 2816 ab
1086 2743 1148 2818 hac
1167 2743 1245 2818 luco
1258 2743 1319 2818 nri·

84 2859 456 2956 33333311-33133331311,
481 2860 583 2934 Missa
607 2854 801 2950 hojnsnrodi
826 2855 966 2931 Animae
990 2873 1053 2949 pro
1070 2874 1136 2947 quo
1153 2857 1318 2957 celebrata

84 2977 181 3050 inerit
205 2971 348 3068 perinde
370 2971 581 3063 suffragetur,
608 2987 647 3042 ec
663 2971 692 3044 si
709 2969 751 3044 ad
768 2969 879 3044 ditare
894 2968 1138 3062 privilegiatum
1154 2970 1318 3048 celebrate

84 3090 210 3162 inisset.
232 3087 310 3160 Non
321 3084 531 3160 costantinus
548 3085 584 3158 in
600 3083 802 3158 contrarium
820 3082 1017 3156 iacientibus
1036 3081 1317 3175 331333333333.

84 3199 254 3276 Praesenti
280 3198 541 3289 inperpetuum
566 3195 718 3268 33111333.
744 3194 925 3286 1131311333
950 3193 1113 3268 Sanctitas
1138 3193 1318 3268 53311333

85 3313 222 3404 gratiam
249 3309 423 3401 suffragari
448 3305 808 3400 33333331131133313
833 3304 1075 3399 expedictione.
1102 3306 1223 3380 1131333
1251 3305 1316 3379 ito·

85 3445 157 3502 3333
181 3425 238 3502 die
263 3429 287 3498 8
312 3421 484 3498 Februarii
511 3425 618 3496 1757.

603 3534 661 3606 Fe.
687 3532 716 3606 t.
734 3532 838 3606 cren.
872 3533 1138 3608 Ponrocaanrno
1162 3530 1285 3604 Pnanr.

718 3625 825 3722 ’1.11.
857 3643 1041 3724 Vicecomcs
1067 3645 1191 3722 secret.
1233 3681 1235 3690 ‚

605 3843 797 3918 3333333.
894 3799 897 3804 ’
994 3811 996 3818 ’

512 3988 891 4046 0311111133.31133111331

157 4099 209 4174 tc
232 4098 437 4176 3331111333
461 4114 581 4191 preces
605 4095 758 4172 Modorui
781 4095 920 4172 13133113
950 4090 1121 4168 coneraio
1149 4091 1316 4169 idouaste·

92 4209 211 4286 riorum
233 4211 477 4289 113333333333
502 4209 635 4284 Ordinis
660 4209 694 4282 S.
712 4208 881 4284 Benedicti
904 4208 939 4280 in
964 4204 1090 4298 Regnis
1105 4200 1317 4278 cononicis

94 4320 281 4402 fonicon
306 4325 408 4418 113313
434 4323 651 4416 1331333133
676 4329 709 4397 31
733 4321 966 4415 coercionem
992 4313 1206 4395 existentium
1231 4315 1315 4390 Sen-
