3214 4928
798 427 844 446 ..
872 397 919 463 20
946 426 992 446 .-

833 589 952 662 XXIV.

357 755 430 827 Sao.
456 753 675 847 congregatio
700 759 737 827 ut
761 753 1043 846 Indulgentiamm
1069 751 1236 826 nonnullis
1253 751 1414 825 abusibus
1435 768 1514 822 mo·¹

284 865 431 952 deretur,
458 870 479 938 7
506 865 560 939 die
584 866 688 940 Martii
718 870 811 938 1678
843 872 979 938 cunctas
1011 862 1236 956 indulgentias
1262 869 1338 937 ante
1363 863 1454 936 Pauli
1481 862 1515 935 V

287 977 392 1053 Breve
418 979 514 1070 cujus
538 979 669 1052 initium
695 986 746 1052 est
781 1007 794 1042 ι
822 980 916 1064 Quae
945 979 1130 1052 salubriter
1154 983 1253 1051 cte.»
1289 977 1420 1050 habitas
1451 994 1518 1069 per

284 1092 561 1184 aggregationem
586 1093 640 1164 vel
665 1092 761 1164 aliam
785 1090 1138 1174 communicationem,
1165 1092 1207 1165 ab
1232 1089 1516 1163 brohlmnirater·

284 1205 397 1289 1111111,
418 1204 691 1296 congregatione,
710 1202 845 1288 Ordine,
863 1205 1015 1296 capitulo
1030 1205 1085 1278 uel
1101 1212 1198 1277 coetu
1215 1221 1441 1295 quocumque,
1458 1203 1516 1275 vel

285 1316 328 1390 ab
353 1335 471 1390 eornm
496 1315 702 1398 officialibus,
727 1316 967 1408 superioribus,
994 1317 1109 1390 aliisue
1129 1317 1294 1410 personis,
1321 1315 1373 1388 rei
1398 1333 1516 1408 perso·

284 1446 329 1501 na
353 1427 484 1501 etiamsi
508 1446 640 1511 earum,
659 1429 712 1500 vel
728 1429 801 1520 ejus
817 1429 943 1502 mentio
960 1429 1122 1522 specialis,
1149 1433 1183 1502 et
1207 1427 1376 1502 individua
1393 1428 1518 1500 iac-ien-

285 1539 452 1624 deesset,
479 1541 601 1615 nnlbos
628 1559 703 1613 esse
728 1541 867 1625 roboris,
895 1547 928 1614 et
953 1543 1114 1615 momenti
1140 1541 1327 1626 declaravit,
1354 1541 1417 1613 nisi
1444 1541 1517 1615 iue-

284 1653 352 1726 rint
376 1653 568 1726 anctoritate
595 1653 734 1725 Romani
761 1653 940 1739 Pontificls,
966 1653 1089 1727 deinde
1112 1655 1289 1726 innovatae
1314 1654 1367 1726 vel
1393 1655 1516 1727 oonsu-

284 1771 402 1838 matae.
430 1763 548 1837 sedin
566 1763 684 1838 eodem
702 1766 799 1838 Brevi
816 1785 893 1838 cum
909 1767 1032 1840 Paulus
1058 1766 1276 1858 apertissimis
1299 1765 1409 1838 verbis
1435 1785 1516 1840 con·

284 1877 395 1950 firmet
418 1877 654 1968 indulgentiae,
680 1883 893 1970 peccatorum
921 1879 1146 1962 remissiones
1173 1878 1295 1968 gratias
1321 1885 1354 1950 et
1377 1877 1512 1970 privile-

285 1989 337 2080 gia
361 2007 423 2081 per
448 1989 680 2062 Lateranensis
704 1990 871 2062 Ecclesiae
896 1989 1084 2083 Capitulum
1110 1997 1143 2062 et
1175 1991 1371 2074 canonicos,
1397 1992 1514 2083 vigore

284 2099 493 2174 indultorum
514 2100 563 2172 eis
579 2101 623 2173 ab
639 2100 828 2192 Apostolica
853 2101 940 2173 Sede
966 2117 1215 2186 concessorum,
1241 2103 1403 2176 hactenns
1426 2105 1514 2192 (hoc

277 2217 337 2315 ¹ost
360 2229 470 2303 usque
495 2211 539 2284 ad
564 2217 609 2284 23
627 2211 718 2284 diem
733 2212 931 2285 Novembris
951 2217 1046 2284 1616
1072 2213 1255 2298 dumtaxat,
1282 2215 1316 2285 in
1342 2234 1410 2306 qua
1435 2217 1514 2288 Bre-

284 2342 327 2398 ve
351 2324 466 2396 datum
492 2326 562 2411 est)
586 2341 746 2396 concessa
763 2330 797 2396 et
812 2326 1055 2397 communicata
1071 2325 1245 2409 Bedesis,
1264 2326 1441 2420 cappellis,
1459 2327 1515 2400 nt·

284 2435 428 2520 taribus,
454 2435 628 2521 oratoriis,
655 2433 794 2526 aliisque
819 2436 900 2508 locis
924 2437 1011 2528 piis;
1038 2435 1164 2510 nemini
1189 2438 1329 2511 dubium
1355 2457 1432 2511 esse
1456 2458 1515 2531 po-

285 2553 351 2621 test
370 2547 452 2639 quin
472 2547 545 2640 ipsa
569 2553 640 2620 rata
665 2555 700 2620 et
723 2547 819 2619 lirma
838 2549 922 2632 sint,
943 2555 1059 2639 utpote
1075 2549 1167 2621 Pauli
1183 2551 1375 2623 auctoritate
1392 2551 1514 2624 contir-

284 2665 396 2733 mata:
424 2676 463 2732 ea
488 2666 601 2732 tamen
626 2660 699 2731 Sao.
726 2660 945 2750 congregatio
970 2659 1106 2752 praelati
1125 2660 1266 2754 Capituli
1283 2669 1316 2734 11
1332 2661 1515 2735 canonico

285 2789 362 2846 rum
386 2771 683 2864 supplicationibus
709 2789 872 2853 annuens,
897 2778 979 2855 rata,
1006 2779 1039 2844 et
1064 2772 1170 2845 ualida
1196 2791 1272 2846 esse
1297 2773 1450 2848 declarat.

358 2884 484 2956 Romae
511 2887 551 2955 11
582 2883 658 2956 lulli
686 2885 791 2955 tera.

1000 2997 1039 3070 Α.
1066 2997 1170 3072 Canu.
1198 3000 1376 3073 Honouuus

880 3109 1028 3184 11111111
1053 3113 1202 3204 Angelus
1228 3113 1361 3186 11111111
1387 3113 1509 3187 Secret.

360 3446 439 3517 Orta
464 3445 599 3539 Neapoli
617 3449 853 3535 controuersia,
872 3460 905 3525 et
922 3452 966 3525 ad
982 3453 1055 3524 Sao.
1074 3451 1372 3543 congregationem
1394 3451 1511 3534 delata,

287 3555 330 3630 de
354 3557 510 3630 Clausala
535 3558 678 3649 quadam
706 3562 818 3635 Bullac
844 3565 940 3637 datae
966 3570 987 3634 9
1014 3563 1184 3635 Februarii
1210 3569 1428 3648 1111111162,
1455 3564 1513 3636 ubi

286 3669 365 3740 Pius
389 3669 434 3741 lV
458 3671 656 3747 blonialibos
680 3675 715 3746 S.
734 3675 849 3749 Clarae
865 3673 1017 3766 ejusdem
1034 3675 1132 3747 Urbis
1153 3675 1335 3765 plenariam
1362 3677 1512 3748 omnium

286 3787 500 3873 peccatorum
520 3787 753 3860 remissionem
779 3794 812 3860 et
838 3787 1080 3876 indulgentiam
1098 3787 1132 3859 ln
1148 3787 1254 3859 torma
1270 3787 1411 3861 lobilaei
1428 3791 1510 3861 elar-

286 3893 375 3983 gitus
401 3903 453 3967 est
478 3897 512 3968 in
537 3897 622 3971 testo
648 3900 805 3992 Corporis
830 3897 978 3981 Domini,
1004 3917 1023 3968 1
1048 3899 1165 3990 primis
1197 3901 1347 3992 vesperis
1373 3907 1407 3973 et
1431 3901 1510 3973 sub-

285 4013 484 4095 sequentem
510 4027 571 4101 per
595 4016 698 4083 totam
724 4011 830 4102 ipsius
860 4011 1035 4094 octavam,
1070 4017 1103 4083 et
1135 4011 1283 4084 secunda
1308 4011 1363 4085 die
1387 4011 1511 4086 biensis

284 4116 427 4208 Augusti
443 4139 463 4191 a
478 4122 595 4212 primis
613 4123 693 4194 item
711 4121 872 4214 vesperis
886 4141 995 4212 usque
1021 4121 1064 4194 ad
1089 4141 1245 4196 occasum
1262 4125 1366 4212 solis;
1392 4122 1510 4197 eadem

285 4227 507 4324 congregatio
531 4231 721 4324 diligentius
738 4233 849 4306 Bullae
866 4241 1017 4307 tenorem
1034 4233 1204 4326 expendit,
1230 4243 1331 4326 atoue
1355 4234 1509 4321 declarat,

285 4359 329 4418 ne
346 4343 623 4422 christifidelbus
647 4346 886 4422 allucmationis
908 4347 1005 4420 locus
1030 4347 1297 4437 relinquebam
1316 4347 1369 4420 illa
1386 4348 1509 4421 nullam
