3130 4920
788 336 1007 406 ...292-

286 464 1499 560 mtommvaburambaumnonneaxsaeraurlasaednpa

285 586 882 686 patmsmntgonuarunuaol
911 585 1238 660 memisse.

1010 696 1292 774 ibboleno
1316 695 1437 770 &crat

769 895 1030 977 effluxit.

840 1043 961 1098 unnrs
1351 1065 1358 1072 -

359 1149 414 1224 lo
436 1149 639 1224 bumilitmas
670 1162 789 1243 preces
813 1147 1191 1224 tremcmnatornltam
1215 1146 1281 1220 sub
1312 1145 1407 1220 dtulo
1428 1143 1500 1214 San

288 1263 455 1338 melmae
478 1263 645 1338 uinum
661 1263 916 1355 Peregrinorum
932 1269 967 1338 ot
982 1261 1293 1336 Cmualesmntium
1308 1257 1418 1342 Urbis
1433 1255 1502 1328 San

285 1377 455 1450 moinus
478 1377 642 1450 Dominus
657 1377 778 1452 Noster
792 1376 871 1450 Pius
888 1376 950 1448 PP.
968 1373 1012 1447 Vl
1028 1373 1174 1465 benigue
1195 1370 1386 1454 mdluatus
1410 1367 1501 1441 omni

284 1487 351 1564 bus
365 1494 399 1563 et
410 1489 550 1582 singolis
562 1491 738 1582 utrimque
756 1507 860 1563 sexus
873 1485 1152 1562 cbristitlddibus
1175 1479 1501 1577 rerepcenitenttbts

286 1601 450 1676 oonimsts
466 1619 506 1675 ac
520 1603 556 1676 S.
574 1601 818 1678 Conmuuione
839 1602 983 1686 reiectis,
1008 1601 1068 1692 qui
1083 1599 1266 1673 Eccloolam
1289 1591 1502 1669 nmmum

283 1713 448 1787 ternitam
478 1713 689 1806 supradictae
714 1716 748 1788 tn
774 1716 983 1788 solemnitate
1013 1712 1251 1786 &missimus
1274 1707 1454 1789 1111111111,
1476 1709 1502 1777 st

285 1825 437 1918 quinque
461 1825 497 1899 B.
523 1827 567 1902 ll.
593 1827 634 1900 V.
660 1828 753 1902 lestis
777 1828 909 1912 diebus,
935 1826 1091 1899 uidelicet
1114 1824 1310 1909 Natiuitatis,
1331 1819 1503 1896 annuncia

285 1937 396 2023 tionis,
414 1937 629 2024 visitationis,
656 1941 896 2014 Purificationis
914 1957 952 2012 ao
968 1938 1216 2031 lmumpuunia
1231 1936 1354 2010 devote
1369 1933 1503 2008 abitare

283 2047 361 2133 unt,
387 2055 421 2124 et
436 2051 530 2144 pinta
546 2057 694 2126 mentem
720 2051 910 2125 sanctitatis
927 2052 1015 2124 Suae
1031 2069 1094 2144 per
1118 2049 1253 2141 aliquod
1268 2047 1428 2141 tempatis
1442 2061 1503 2136 spa

280 2159 369 2234 llum
392 2161 448 2254 pio
474 2165 650 2248 macrini,
676 2161 921 2257 indulgentiam
945 2163 1129 2237 Planariam
1154 2161 1311 2234 fidelibus
1337 2161 1433 2233 mam
1456 2155 1502 2228 de

281 2269 404 2345 innotis
438 2275 680 2368 applicantem,
706 2276 930 2368 incipiendam
960 2295 978 2348 a
1007 2274 1124 2370 primis
1152 2273 1305 2366 vesperis
1338 2265 1500 2362 usquead

284 2401 442 2458 oocasum
467 2387 548 2460 solis
573 2386 703 2462 diemm
729 2388 923 2480 hujusmodi
948 2405 1027 2462 cum
1052 2386 1248 2462 extensione
1272 2383 1437 2478 praelatae
1457 2381 1499 2454 ln·

285 2495 476 2590 dulgentiae
492 2498 534 2573 ad
551 2500 701 2593 singulas
717 2502 920 2595 respectione
936 2507 1070 2575 amoves
1082 2500 1295 2573 imdudatum
1311 2494 1499 2574 earumdem

281 2612 389 2684 semel
413 2618 524 2685 tamen
550 2612 730 2688 lucrandae
754 2613 839 2691 intra
860 2614 1042 2705 quambbet
1063 2612 1267 2706 praedictam
1291 2618 1439 2685 ocuvam
1452 2607 1500 2680 be

279 2721 381 2812 nigne
406 2724 580 2798 concessit.
606 2725 681 2800 Nou
706 2725 915 2800 obstantibus
940 2727 976 2798 iu
1001 2725 1203 2798 contrarium
1227 2723 1425 2797 iacientibus
1440 2717 1498 2809 qui

280 2830 504 2927 buscumque.
530 2836 710 2930 Voluitque
735 2839 898 2910 Sanctitas
922 2839 989 2911 Sua
1005 2838 1093 2910 bano
1109 2837 1248 2929 gratiam
1264 2837 1300 2908 in
1316 2839 1499 2938 perpetuom

280 2945 453 3038 suflragari
480 2948 608 3042 absque
633 2951 700 3023 olla
724 2951 839 3024 Brevis
863 2947 1087 3044 expeditione.
1105 2951 1226 3023 batum
1249 2949 1378 3020 Romae
1397 2962 1438 3018 en
1451 2943 1498 3014 Sc·

278 3059 417 3134 cremia
430 3061 504 3137 sac.
513 3061 787 3163 congregationis
795 3059 1194 3157 Indulgentiarumdlell
1204 3057 1496 3134 Decembrislttt.

1012 3175 1071 3250 lb.
1097 3177 1148 3250 De
1172 3175 1293 3252 dlorco
1319 3173 1438 3248 secret.

764 3373 1037 3451 ccctxxxvn.

383 3513 510 3572 onnmrs
535 3517 567 3574 n.
593 3517 628 3573 a.
653 3517 686 3574 v.
712 3519 755 3573 nn
778 3521 930 3575 macana
953 3513 1189 3573 amnnrnonm
1214 3511 1421 3572 ormiscum

353 3619 591 3696 sanctissimus
607 3624 773 3701 Dominus
789 3627 909 3702 Noster
925 3625 1003 3700 Pius
1020 3617 1081 3700 PP.
1099 3623 1144 3697 tu
1161 3623 1204 3697 ad
1219 3619 1420 3696 humillimas
1434 3629 1494 3712 pre

278 3747 336 3806 ces
361 3733 400 3808 lt.
426 3735 462 3807 P.
481 3735 576 3810 'Petri
604 3753 623 3810 a
648 3739 774 3832 Spiritu
797 3743 921 3814 Sancto
946 3737 1160 3813 Postulatoris
1185 3737 1313 3811 Causae
1335 3736 1372 3807 Β.
1392 3727 1493 3808 Medae

278 3845 395 3922 annae
421 3867 439 3920 a
465 3851 545 3924 lesu
571 3853 709 3927 nomine
735 3853 837 3927 totius
863 3849 1181 3928 ululabunt.
1208 3848 1251 3924 de
1275 3845 1425 3922 decede
1445 3841 1494 3912 lle

278 3953 480 4052 demptionis
513 3963 729 4058 Captivorum
756 3965 902 4058 benigue
932 3966 1123 4049 luminatus,
1150 3963 1307 4037 omnibus
1337 3957 1492 4044 utriusque

276 4083 381 4144 sexus
407 4073 688 4152 cbristilldelibus
713 4095 794 4152 vere
819 4079 1068 4176 poenitentibus
1093 4075 1265 4162 conlassis,
1291 4089 1329 4147 ac
1353 4069 1387 4145 S.
1411 4068 1492 4142 Con·

274 4184 435 4262 monicus
461 4188 604 4274 relectis,
631 4191 690 4282 qui
716 4189 772 4266 dic
798 4191 1068 4285 decimoseptimo
1091 4187 1218 4286 Aprilis·
1235 4185 1408 4282 cujuslibet
1430 4171 1493 4251 anti

275 4291 420 4388 ³¹¹th
438 4299 610 4396 publicam
625 4302 811 4384 Ecclesiam
828 4303 981 4399 eiusdem
998 4303 1130 4380 Ordinis
1146 4299 1274 4398 ubique
1289 4301 1433 4377 locorum
1447 4285 1494 4362 de
