3270 4920
1264 309 1330 382 {ci

113 445 152 507 ul
172 439 318 522 dignetur
337 441 418 508 ilem
438 443 573 508 sanctam
593 439 758 508 Ecclesiam
779 441 959 512 catholicam
981 441 1142 524 triumphis
1162 440 1299 522 quotidie
1313 457 1362 505 au·

113 553 199 616 gere,
221 537 360 606 haereses
376 539 569 618 extinguere,
592 553 696 618 pacem
718 543 747 600 et
769 537 960 601 concordiam
983 539 1061 600 inter
1082 538 1263 606 christianos
1283 537 1364 618 prin·

114 632 201 711 cipes
222 633 331 712 lovere,
352 633 509 700 universas
529 631 587 696 sihi
609 637 763 713 comparat
783 630 991 712 indulgentias
1011 639 1128 714 septem
1149 632 1240 700 crhia
1261 629 1363 699 Basili·

114 739 234 803 carum,
256 724 479 804 Portiunculae‚
500 721 676 804 Jerusalem,
698 732 728 790 el
748 726 778 792 S.
801 727 904 790 Jacohi
927 725 1155 808 compostellae.
1212 723 1215 730 “

200 820 356 884 Praeterea
379 819 446 886 Sao.
467 820 668 901 Congregatic
683 819 885 899 indulgentiis
899 819 1059 900 Sacrisquc
1074 819 1221 900 Reliquis
1242 833 1367 900 praepo·

116 913 177 980 sita
198 915 230 980 in
254 913 389 982 cumillis
411 914 609 980 Generalihus
630 914 742 992 habitis
763 914 811 995 die
826 913 862 978 31
886 914 983 978 Earlii
1007 913 1085 979 lucu
1106 913 1229 980 decreto
1248 929 1304 977 sno
1318 912 1367 977 de·

116 1009 255 1086 claravit,
268 1009 457 1090 supradictas
471 1008 679 1089 indulgentias
693 1014 806 1089 septem
818 1008 908 1072 Urbis
918 1009 1125 1084 Basilicarum,
1142 1007 1366 1084 Portiunculae,

116 1103 298 1181 Jemsalem,
313 1107 343 1167 et
357 1103 387 1168 S.
402 1103 505 1166 Jacohi
527 1102 744 1183 compostellae
766 1104 853 1166 toties
874 1103 992 1183 quoties
1007 1101 1122 1183 acquiri
1137 1117 1234 1182 posse,
1248 1106 1278 1165 el
1292 1117 1368 1181 quo

116 1212 253 1278 cumque
274 1198 349 1276 loco,
363 1211 462 1278 neque
476 1200 613 1278 oportere
627 1197 700 1262 alias
715 1211 817 1276 preces
831 1196 952 1276 addere,
965 1213 1000 1262 ac
1018 1196 1282 1266 Sacrameutnrum
1296 1196 1368 1259 Poe·

117 1292 269 1359 pitantiae
290 1299 322 1360 el
341 1291 549 1358 Eucharistiae
563 1291 785 1372 susceptionem
799 1292 1002 1372 praemittere,
1016 1290 1069 1356 scd
1083 1291 1221 1357 sufficere
1234 1307 1289 1358 aaa
1302 1295 1369 1358 tau·

118 1393 188 1452 tum
209 1387 310 1462 Pater,
332 1383 394 1450 doe
413 1393 441 1450 el
464 1385 567 1450 clorio
588 1385 714 1449 recitare
735 1386 780 1448 uti
802 1403 903 1467 supra,
924 1402 1035 1467 easque
1056 1383 1251 1468 applicabiles
1275 1385 1368 1456 elisur

118 1497 188 1546 essu
210 1480 369 1548 animabus
392 1480 424 1544 in
445 1480 624 1562 Purgaloriu
646 1479 837 1560 degentibus.
859 1480 945 1556 unnd
967 1481 1091 1560 quidem
1111 1480 1272 1545 Decretum
1293 1477 1368 1544 San·

119 1575 276 1638 ctissimus
290 1575 326 1638 ll.
340 1575 377 1639 N.
392 1575 463 1639 Pius
484 1575 564 1658 Papa
586 1574 628 1637 lx
640 1575 690 1638 dic
706 1574 744 1637 th
758 1574 870 1658 Aprilis
884 1574 1022 1654 ejusdem
1043 1574 1115 1638 anni
1137 1572 1217 1637 lucu
1236 1573 1369 1654 henigne

118 1669 300 1751 adprobavit
320 1668 369 1750 (f).

412 1763 496 1832 atur
517 1763 722 1846 Indulgentiae
742 1763 898 1846 aaucgintu
921 1781 1081 1832 annum.

206 1874 334 1952 Quando
355 1873 424 1955 quis
444 1875 537 1940 horae
558 1873 684 1939 dimidio
705 1875 837 1938 animam
859 1875 952 1940 sacris
972 1873 1220 1940 meditullunihus
1240 1878 1369 1939 exercet.

482 2034 486 2044 '
611 2035 717 2118 Vrganti
734 2053 893 2104 aaronem.
986 2033 988 2043 ¹

205 2144 334 2222 Quando
347 2145 416 2225 quis
432 2144 568 2212 incrmos
579 2144 691 2227 inrisit,
702 2151 736 2210 ul
747 2161 799 2210 eos
809 2144 1006 2227 corporaliter
1019 2145 1065 2210 rel
1079 2146 1254 2227 spiritaliter
1269 2145 1371 2226 aliquo

120 2240 215 2306 modo
236 2239 405 2320 coadjuvet,
427 2239 525 2303 aursi
546 2239 738 2322 impediatur,
758 2256 813 2321 pro
834 2241 999 2308 clarecitel
1018 2241 1373 2322 pernoctaveramus

119 2343 151 2400 el
172 2334 286 2402 uteru.
1299 2354 1303 2360 ·

205 2429 238 2496 in
261 2428 374 2496 octavis
394 2427 539 2496 ieslmum
560 2429 691 2497 Domini.

206 2525 240 2590 lu
263 2524 347 2590 iestis
367 2523 549 2592 Sanctorum
569 2539 609 2590 ex
630 2523 798 2590 Ordinibus
819 2524 1021 2606 Regularihus
1042 2524 1245 2590 Eremltarum
1264 2523 1295 2588 c.
1310 2522 1370 2590 hu·

121 2619 252 2702 gustini,
266 2619 522 2698 Praedicatornm,
537 2618 779 2698 carmelitarum,
793 2619 1008 2686 Sanctissimae
1021 2617 1178 2684 Trinitatis
1192 2617 1371 2699 redemptio·

123 2716 174 2781 uis
195 2715 394 2797 captivorum,
415 2717 446 2777 el
466 2712 630 2780 &cuorum
651 2713 685 2780 B.
706 2713 823 2790 hieriae,
837 2714 971 2793 Virginis
993 2712 1046 2796 (a).
1110 2729 1114 2736 ·

372 2807 487 2890 &ptam
506 2821 657 2872 chamum
677 2813 705 2874 at
727 2807 845 2874 tolidem
864 2808 1126 2892 prnurogmrram

206 2901 240 2967 ln
263 2901 390 2966 caeteris
410 2903 494 2966 lestis
508 2902 665 2966 Elimiae
686 2902 829 2983 Virginis.

205 2997 330 3072 Quoties
351 2995 389 3062 ad
409 2995 616 3086 Poenitcultae
637 3001 667 3062 et
688 2995 895 3062 Eucharistiae
916 2997 1109 3064 Sacramenta
1129 2999 1300 3067 accedatur.

209 3091 338 3167 Quando
359 3091 429 3172 quis
449 3089 682 3162 sarcasmum
702 3090 942 3174 Sacramentum,
962 3092 1044 3175 gund
1066 3093 1104 3158 ad
1124 3092 1261 3162 intirmcs
1280 3092 1374 3164 delar-
1500 3151 1501 3156 ,

125 3193 187 3267 tur,
209 3185 383 3254 comitetur.

208 3283 241 3348 iii
264 3289 379 3364 septem
400 3283 501 3363 Puer,
521 3281 583 3348 Ano
602 3286 634 3348 el
656 3281 758 3350 clorio
779 3299 833 3366 pro
848 3278 980 3364 infirmo,
992 3283 1047 3365 qni
1061 3298 1177 3348 sacram
1191 3281 1304 3364 recaplr
1317 3282 1374 3346 Eu·

123 3378 507 3458 charistiam,=recitenlur.
1101 3439 1104 3446 ,

207 3474 241 3538 ln
263 3473 393 3553 singulis
413 3473 487 3538 anni
509 3472 602 3552 lestis,
623 3473 655 3538 in
677 3474 790 3558 quihus
810 3473 947 3539 Ptenaria
969 3471 1161 3554 indulgentia
1182 3471 1374 3552 conceditur,

125 3569 294 3635 dummodo
314 3568 449 3634 Ecclesia
470 3566 658 3633 ctericorum
679 3569 877 3649 Regularium
898 3567 1148 3649 congregationis
1169 3566 1311 3634 cortinae
1332 3567 1375 3629 ri·

125 3665 245 3742 siletur,
266 3663 342 3744 quin
362 3677 439 3745 opus
460 3662 500 3726 sit
519 3667 555 3728 ul
576 3663 784 3730 Paenitentiam
803 3670 835 3728 et
849 3662 1058 3730 Eucharistiae
1071 3660 1265 3728 Sacramenta
1279 3660 1375 3726 susei-

126 3759 263 3840 pianlur.
1207 3751 1222 3778 ⁴

209 3850 350 3929 Qualibet
370 3850 419 3915 die
440 3849 478 3914 ad
499 3851 646 3932 Vesperas
667 3851 692 3914 si
715 3851 799 3917 Solae
814 3851 925 3936 Regino
939 3851 1091 3931 recitetur,
1106 3865 1140 3914 ac
1155 3865 1209 3930 pm
1223 3847 1373 3914 Ecclesiae

127 3947 362 4012 necessitalibus
382 3947 570 4026 precationes
591 3943 766 4012 fundantur.
875 4003 879 4008 .

208 4039 406 4106 hdominica
429 4039 478 4106 die
499 4041 745 4124 septuagesimae
767 4043 803 4107 ad
826 4041 905 4107 diem
927 4041 1110 4126 dominicam
1137 4039 1309 4106 Palmamm
1330 4055 1374 4102 sa·

126 4135 187 4204 mel
207 4135 242 4200 a'rr
262 4137 329 4214 die,
342 4136 508 4206 dummodo
530 4135 622 4202 Sacra
642 4137 832 4203 Eucharistia
853 4141 1001 4216 sumatur,
1021 4143 1052 4202 et
1072 4136 1183 4218 septies
1199 4135 1300 4214 Peter,
1315 4135 1376 4198 Ave

126 4235 158 4296 el
182 4231 286 4296 Gloria
306 4249 360 4313 pm
381 4231 532 4298 Ecclesiae
552 4232 782 4299 necessitalibus
802 4231 952 4298 dicantur.
