3004 4926
511 452 729 522 -339-

89 587 219 660 ldt.11¹
248 589 421 663 rmusum
446 587 482 662 tn
506 587 791 662 macutus.

88 698 132 772 ld
156 705 220 772 ιω
248 700 375 774 Sensus
400 705 452 772 est
476 699 568 791 qnod
594 699 637 772 ad
661 699 839 776 lucrandas
856 699 1082 794 indulgentiae
1099 703 1239 796 imnlcd·

37 808 80 882 dae
98 819 172 884 ιιῑ
195 810 439 894 condictiones,
452 813 639 905 appositae,
666 819 700 885 et
724 812 808 885 hacc
832 813 959 886 nedum
990 815 1140 888 Romana
1164 834 1241 889 con·

36 923 165 1009 menda
190 941 312 1000 verum
338 926 438 998 etiam
463 933 515 1003 est
539 925 666 1016 Regula
690 923 817 1016 ubique
845 925 1020 1000 servanda.

87 1037 248 1130 lmtaone
272 1037 316 1110 de
340 1038 394 1110 his
419 1037 576 1111 omnibus
601 1037 760 1126 relatione
784 1037 1000 1111 sanctissimo
1017 1039 1160 1112 Domino
1178 1041 1242 1113 No·

35 1155 81 1220 stro
101 1151 155 1222 Pin
180 1151 246 1222 PP.
272 1151 332 1222 Vll
358 1151 392 1222 in
416 1149 592 1224 audientia
617 1149 729 1225 habita
754 1149 808 1222 dic
835 1155 877 1220 al
908 1149 1033 1222 mensis
1058 1152 1165 1224 Martii
1182 1171 1240 1224 an·

34 1263 58 1334 ni
71 1267 152 1335 itio
175 1281 241 1358 per
256 1281 313 1337 me
329 1251 575 1356 innascriptum
591 1261 833 1350 mercurium
850 1262 976 1335 Eadem
994 1264 1158 1337 Sanctitas
1174 1267 1243 1338 Sua

35 1373 282 1467 denegationis
307 1374 430 1448 Votum
455 1373 601 1466 benigne
623 1373 828 1467 approbavit,
846 1381 880 1447 et
896 1374 1033 1468 insuper
1051 1377 1162 1468 quoad
1178 1378 1243 1471 pri-

35 1505 103 1559 num
125 1496 157 1561 ct
181 1485 374 1563 sennodum
399 1487 564 1560 noncessit
589 1493 622 1562 et
647 1482 835 1569 declaravit,
852 1493 930 1578 'quo
956 1487 999 1559 ad
1022 1488 1179 1562 ellectum
1195 1491 1243 1563 lu-

34 1599 119 1674 naudi
142 1601 373 1692 indulgentias
397 1601 433 1672 in
457 1617 537 1674 casn
564 1601 735 1693 appositae
767 1598 983 1685 conditionis,
1009 1601 1067 1684 uti
1093 1608 1244 1676 cantatur

36 1711 205 1786 tanaim
227 1715 344 1786 Sacris
369 1712 538 1796 Ministris,
564 1727 628 1784 nec
652 1711 809 1785 adhibitis
835 1711 1133 1788 thurificatinmitus
1161 1715 1243 1788 satis
1361 1775 1364 1780 .

36 1825 87 1908 trit
107 1825 182 1898 ltnic
208 1825 380 1910 mutere,
406 1830 440 1897 et
464 1823 579 1896 audire
595 1823 731 1898 Missam
748 1825 867 1896 lectam
884 1813 919 1901 lu
935 1823 1070 1910 diebus,
1087 1825 1244 1918 Ecclesiis

37 1935 155 2021 uuus,
180 1935 244 2012 nhi
268 1937 371 2012 illesa
395 1954 473 2010 cum
498 1941 599 2017 cantu
624 1935 762 2008 minime
787 1935 984 2010 celebratur
1140 1945 1143 1954 ’

86 2049 200 2126 damna
227 2051 357 2124 Romae
373 2067 418 2122 en
433 2047 615 2139 secretaria
640 2046 793 2138 ejusdcm
810 2049 884 2121 Sec
900 2047 1174 2142 congregationis
1192 2052 1244 2126 tn·

37 2157 101 2254 tnta
123 2162 177 2238 dle
206 2167 250 2239 ll
281 2162 404 2257 ludim
428 2163 508 2236 anni
535 2165 641 2234 icco.
1110 2201 1113 2208 ι

1 2289 2 2318 ³
697 2273 734 2346 B
760 2272 866 2345 Canu.
890 2271 985 2348 Nino
1009 2274 1132 2348 enarr.

665 2386 814 2546 tuccius
841 2384 1017 2478 Gortuoott
1042 2387 1165 2460 Serrei.

539 2592 711 2670 cdxxiii.

464 2753 585 2806 neers
608 2753 650 2806 cr
674 2753 767 2806 onais

91 2935 324 3010 sanctissimus
349 2935 511 3008 Dominus
537 2935 657 3008 Noster
681 2933 760 3006 Pius
784 2932 847 3006 ΡΡ.
874 2934 933 3006 illl
949 2934 1107 3009 nmmbus
1125 2938 1246 3012 utrius-

44 3063 208 3132 quoscum
234 3046 525 3130 christifidelibus,
552 3045 610 3138 qui
636 3046 737 3119 corde
760 3047 879 3120 saltem
905 3046 1045 3120 contrito
1061 3067 1102 3119 ac
1126 3047 1248 3124 devote

44 3153 255 3253 umsniptam
283 3160 528 3232 Orationemin
545 3175 762 3249 quocumque
783 3157 951 3242 idiomate,
970 3157 1153 3232 mmrnndo
1172 3179 1245 3232 ver-

45 3267 252 3356 dusitfidelis,
271 3279 306 3344 et
321 3272 364 3348 eb
380 3271 557 3346 &dinemo
574 3271 637 3342 loci
655 3272 837 3363 approbata
854 3287 931 3344 cum
948 3271 1100 3362 quinque
1124 3274 1247 3354 Pater,

46 3383 135 3456 luet
150 3385 274 3460 moon
291 3383 500 3456 recitaverint
520 3381 763 3474 indulgentiam
779 3389 965 3456 tercentum
982 3383 1123 3466 dierum,
1142 3385 1248 3456 semel

47 3489 213 3584 tuamet
236 3496 294 3570 dio
310 3494 547 3586 acquirendam
564 3493 709 3584 henigne
727 3494 902 3568 concessit
919 3495 978 3566 ilis
995 3513 1075 3568 vcro
1092 3494 1149 3585 qui
1167 3513 1248 3586 quo-

47 3602 104 3676 ldie
130 3608 211 3682 inim
243 3625 408 3685 mensem
429 3605 584 3680 eamdem
610 3606 800 3685 Orationem
831 3605 969 3680 recitare
994 3605 1037 3680 dc
1069 3623 1163 3680 more
1188 3603 1247 3678 hn-

47 3709 149 3794 uacui
171 3721 357 3794 Pienrnm
374 3717 641 3810 indulgentiam
634 3736 668 3791 ru
684 3737 751 3792 uua
768 3735 812 3792 ct
838 3718 961 3792 ultimis
979 3719 1086 3794 tribus
1102 3716 1247 3810 singule

15 3853 17 3919 i
50 3843 101 3900 nn
115 3833 276 3908 mensium
293 3831 424 3914 diebus
442 3831 708 3922 uniuscuiusque
726 3830 860 3904 erbitdo
882 3830 1047 3922 eligenda,
1064 3829 1248 3912 dummodo

16 3953 106 4016 tue
125 3946 342 4038 poenitentes
367 3943 512 4018 contessi
537 3961 576 4016 ac
600 3944 635 4016 S
662 3943 907 4032 cummunione
931 3941 1199 4024 retracturum,
1216 3948 1250 4018 et

53 4069 93 4140 tn
112 4057 239 4150 aliannd
264 4056 424 4150 temporis
448 4055 592 4150 spatium
608 4055 703 4148 iusta
722 4061 867 4128 menum
885 4053 1073 4128 Sanctltetis
1089 4053 1249 4146 Suaevpie

55 4171 196 4254 macrini,
222 4171 479 4244 commotast
504 4167 670 4260 elargita,
697 4185 774 4240 cum
799 4165 955 4238 facultate
974 4163 1112 4240 casam
1137 4163 1248 4241 indui-

57 4281 152 4363 tuto
175 4282 361 4377 applicandi
385 4281 421 4354 in
441 4281 635 4372 suffragium
652 4279 801 4352 [idolium
819 4277 1062 4351 detunctorum.
1080 4277 1251 4353 Praesenti

57 4395 192 4484 iuuenis
216 4395 334 4470 tuturis
358 4393 566 4489 emporibus
590 4391 730 4468 adiuro
755 4391 882 4483 absque
909 4390 973 4466 ulla
998 4389 1112 4476 Brevis
1143 4405 1247 4484 expe·
