3182 4922
629 348 846 416 -aal-

40 468 43 476 ’
120 483 194 556 ritis
221 487 256 556 et
281 481 519 557 intercessione
542 483 694 575 ejrrsdem
720 485 830 557 Sancti
858 503 876 556 3
903 485 973 556 boo
997 483 1224 568 obtinendam,
1242 484 1297 556 die
1315 489 1362 556 22

120 597 252 669 mensis
277 595 384 670 Martii
403 597 480 670 anni
501 601 593 668 1817
611 597 745 689 propria
762 615 864 669 manu
882 595 1078 689 obsignavit.
1105 597 1221 670 Enixis
1242 598 1363 670 iterum

1 759 2 762 a
120 707 242 781 delatis
268 709 425 801 precibus
450 709 559 782 eidem
577 709 793 781 sanctissimo
810 709 952 782 llomino
976 709 1097 782 Nostro
1122 727 1165 782 en
1191 713 1284 802 parte
1301 711 1365 782 lle-

1 883 2 890 ,
119 815 359 893 verendissimi
382 823 419 894 P.
446 819 624 893 Salvatoris
654 821 788 893 Pascale
819 821 1045 894 procuratoris
1078 821 1249 894 Generalis
1274 821 1362 894 Cun-

118 933 325 1026 gregationis
352 934 450 1025 vulgo
475 931 622 1006 «de’l’ii
648 934 799 1026 operui»
819 933 853 1006 13
879 935 978 1017 Urbe,
997 941 1035 1006 ut
1059 933 1244 1006 Plenan'am
1262 935 1362 1008 etiam

118 1045 368 1136 indulgentiam
394 1063 454 1139 pro
479 1046 586 1118 tribus
603 1046 758 1138 praelatis
783 1047 988 1120 orationibus
1005 1045 1197 1136 dignaretur
1220 1045 1361 1138 elargiri,

118 1157 288 1231 Sanctitas
304 1157 372 1231 Sua
388 1157 553 1231 referente
569 1177 624 1231 me
641 1158 848 1252 inlrascripto
865 1160 938 1230 Sao.
957 1157 1229 1250 congregationis
1249 1159 1363 1232 ludul-

116 1271 310 1362 gentiarum
340 1269 523 1344 secretario
548 1271 583 1343 iu
608 1270 784 1344 audientia
813 1271 879 1343 diei
914 1274 958 1341 10
982 1269 1058 1344 Julii
1093 1273 1186 1342 1851
1214 1271 1362 1344 Oraturls

117 1381 208 1454 votis
235 1381 494 1456 clementissime
518 1382 668 1474 exceptis
693 1381 839 1466 indulsit,
857 1387 894 1454 ut
913 1399 1033 1455 omnes
1057 1383 1233 1476 utriusque
1258 1399 1363 1457 serus

117 1491 374 1579 Ebristilideles,
392 1495 450 1587 qui
468 1494 609 1586 singulis
622 1494 742 1567 diebus
755 1494 932 1586 cuiuslibet
948 1495 1075 1568 mensis
1088 1499 1156 1568 tres
1170 1497 1363 1568 enunciatas

117 1607 302 1692 umbones,
320 1607 527 1700 totidemque
543 1605 709 1680 orationes
726 1607 910 1680 dominicas
931 1613 965 1681 et
976 1609 1157 1700 saperem
1173 1609 1363 1682 Salutatio-

118 1737 180 1792 nes
206 1725 241 1793 et
269 1720 391 1794 Gloria
408 1721 509 1793 Patri
533 1727 595 1793 etc.
622 1721 728 1793 semel
752 1721 870 1792 saltem
887 1721 922 1792 in
939 1719 993 1793 die
1010 1721 1230 1806 recitaverint,
1248 1719 1361 1792 ludul-

117 1832 271 1923 gentiam
297 1833 481 1905 Plenariam
498 1835 604 1906 semel
621 1834 656 1905 iu
672 1851 879 1925 unoquoque
904 1851 1023 1907 mense
1047 1833 1168 1908 lucrari
1185 1833 1315 1925 possint
1332 1839 1365 1906 et

116 1941 254 2016 valeant
280 1961 318 2015 ea
344 1945 469 2018 scilieet
494 1945 558 2028 die,
585 1963 653 2037 qua
679 1961 758 2018 vere
782 1945 994 2037 poenitentes
1020 1943 1174 2029 confessi,
1201 1961 1365 2037 sacraque

117 2055 251 2147 synaxi
277 2055 390 2128 relecti
417 2057 563 2148 aliquam
587 2057 782 2142 Ecclesiam,
809 2075 871 2129 seu
897 2057 1069 2149 publicum
1095 2053 1284 2130 oratorium
1309 2055 1366 2130 de·

118 2171 201 2240 vote
218 2165 434 2251 visitaverint,
454 2169 567 2261 ibique
583 2187 644 2262 per
660 2167 795 2261 aliquod
821 2170 982 2260 temporis
999 2169 1143 2261 spatium
1158 2167 1253 2260 Juxta
1269 2183 1365 2242 men·

117 2287 190 2352 tem
218 2280 407 2352 sanctitatis
433 2281 520 2354 Suae
545 2281 618 2373 pias
643 2281 686 2353 ad
710 2283 818 2354 Deum
843 2297 963 2372 preces
988 2279 1175 2360 eiluderlut,
1200 2293 1285 2372 quas
1310 2279 1365 2352 lu-

118 2390 313 2482 dulgentias
340 2397 407 2463 tam
433 2392 590 2465 Partlales
615 2410 677 2485 pro
702 2390 841 2483 siugulis
858 2391 978 2464 diebus
996 2410 1097 2482 quam
1119 2391 1287 2463 Plenarias
1304 2409 1365 2484 pro

118 2501 265 2594 singulis
292 2503 467 2577 mensibus
492 2505 596 2578 voluit
620 2503 720 2578 etiam
741 2509 778 2576 ut
801 2505 1036 2595 unusquisque
1052 2523 1072 2577 e
1088 2499 1366 2576 christifidelibus

119 2615 300 2688 animabus
333 2615 368 2689 iu
395 2617 591 2709 Purgatorio
616 2617 759 2690 detentis
784 2617 950 2710 applicare
975 2623 1105 2710 quaeat.
1129 2613 1365 2690 Praesentibus

118 2725 154 2801 iu
180 2735 386 2822 perpetuum
413 2729 561 2802 valituris
588 2729 718 2821 absque
741 2729 809 2802 ulla
834 2729 949 2802 Brevis
974 2729 1198 2822 expeditione.

196 2839 320 2912 Datum
347 2837 473 2914 1133333
498 2857 542 2914 ex
567 2841 750 2915 secretaria
782 2841 853 2914 Sao.
882 2841 1155 2934 congregationis
1187 2841 1366 2934 ludulgeu·

119 2953 245 3028 liarum
272 2951 328 3026 die
357 2953 402 3024 lo
428 2952 505 3027 tulii
532 2954 637 3026 tabl.

823 3063 859 3138 l'.
886 3063 991 3138 Gran.
1018 3063 1191 3148 llsomrnus
1216 3059 1339 3139 Puram

888 3177 928 3248 ,1.
958 3175 1121 3250 &lumbo
1148 3176 1270 3251 Serrei⁸

662 3374 832 3448 noxum.

611 3517 705 3572 33313
729 3517 771 3570 ur
795 3515 888 3572 onum

197 3627 286 3700 Cum
312 3629 426 3698 sanda
451 3623 495 3696 slt
519 3642 557 3696 ac
582 3623 725 3698 salubris
750 3643 812 3718 pro
833 3623 999 3698 deuncos
1024 3623 1186 3700 exorandi
1201 3619 1365 3715 cogitatio,

121 3745 159 3813 ut
177 3739 222 3813 ab
240 3755 358 3812 eorum
375 3735 547 3810 solvantur
571 3738 726 3829 peccatis,
745 3735 787 3808 ad
805 3733 1000 3810 excitandos
1025 3756 1103 3830 erga
1121 3755 1180 3810 eos
1197 3733 1366 3808 militantis

123 3851 298 3926 Ecclesiae
329 3847 447 3922 fideles
479 3847 706 3922 Romanorum
733 3848 929 3922 Pontificum
955 3849 1144 3943 apostoliea
1180 3843 1366 3920 sollicitudo

121 3981 314 4056 numquam
332 3959 437 4034 deluit
452 3961 487 4032 in
504 3961 702 4053 elargiendis
719 3960 762 4033 de
778 3961 883 4054 ipsius
907 3962 1074 4034 Ecclesiae
1098 3961 1255 4034 thesauro
1278 3975 1366 4050 pene

122 4073 314 4147 innumeris
339 4071 574 4163 Indulgentiis,
602 4071 777 4146 animabus
806 4074 1003 4166 praesertim
1029 4073 1063 4144 in
1088 4071 1281 4164 Purgatorio
1306 4069 1365 4142 de·

123 4187 227 4260 tentis
253 4183 506 4278 applicabillbus
532 4186 660 4257 tamin
686 4183 907 4276 qararumdam
937 4185 1130 4256 Orationem
1164 4181 1365 4264 recitatione,

125 4315 230 4391 quam
258 4297 295 4368 in
319 4295 489 4372 nonnullis
515 4297 579 4390 piis
604 4297 762 4390 operibus
782 4297 992 4390 peragendis,
1018 4304 1056 4370 ut
1080 4296 1186 4381 eitius,
1213 4315 1231 4368 e
1256 4295 1367 4387 piacu·
