3130 4920
787 343 1005 412 -3i2-

272 482 395 562 tamen,
420 483 521 568 atque
546 477 768 570 praesidium
795 479 872 552 hino
898 487 967 560 est,
998 475 1089 569 quud
1123 476 1259 570 piorum
1293 475 1438 549 Virorum
1458 484 1487 549 et

273 588 484 682 potissimum
501 590 712 664 contratrum
729 591 814 664 lien.
836 590 1213 664 Archimnuatemitatis
1230 590 1265 662 S.
1283 588 1399 662 liariae
1420 589 1486 660 dra·

274 700 373 774 tionis
397 699 441 774 de
465 701 564 785 Urbe,
593 704 652 794 qui
678 702 932 796 praelaudatum
949 705 983 776 S.
1002 702 1246 794 Archangelum
1263 719 1362 775 suum
1377 702 1409 773 in
1424 719 1489 793 spe-

273 813 390 886 cialem
407 814 634 890 protectorem
654 823 865 900 venerantur,
883 817 993 889 enixis
1010 816 1166 909 precihus
1182 814 1328 907 benigne
1344 831 1489 896 annuens,

278 923 437 998 omnihus
463 925 639 1017 utriusque
664 945 769 1000 senus
794 926 1082 1012 christifidelibus,
1101 926 1159 1018 qui
1176 924 1277 998 corde
1301 923 1414 996 saltem
1429 940 1493 994 con·

275 1037 364 1120 trito,
378 1054 417 1108 uo
431 1035 553 1112 deuote
566 1039 749 1130 llymnum,
767 1039 1042 1133 Responsorium
1060 1044 1093 1112 et
1108 1037 1345 1130 Antiphonem,
1361 1043 1398 1108 ut
1412 1033 1493 1117 inira,

274 1147 506 1233 recitaverint,
531 1149 780 1243 indulgentiam
805 1152 996 1226 biscentnm
1030 1150 1160 1224 dierum
1193 1148 1340 1241 qualibet
1368 1145 1420 1219 die
1448 1145 1495 1218 he

274 1261 375 1352 nigne
400 1263 575 1334 concessit.
604 1264 647 1335 lis
674 1282 767 1348 vero,
794 1265 854 1355 qui
880 1284 940 1358 per
957 1264 1123 1356 integnrm
1140 1279 1294 1335 mensem
1321 1255 1497 1351 huiusmodi

275 1389 393 1465 preces
418 1371 568 1463 quotidie
594 1373 751 1461 fuderint,
777 1375 1023 1469 indulgentiam
1044 1375 1228 1448 Plenariam
1244 1371 1351 1447 semel
1375 1372 1408 1442 in
1425 1385 1496 1460 quo·

276 1483 358 1560 libet
382 1503 501 1558 mense
526 1485 581 1559 die
607 1487 759 1562 videlicet
776 1489 1042 1581 uniuscujusque
1059 1488 1193 1562 arbitrio
1211 1484 1377 1578 eligendo,
1395 1484 1497 1574 inqua

276 1614 356 1670 vere
381 1597 592 1688 poenitentes
618 1600 762 1675 eonlessi
788 1619 827 1674 ae
852 1602 886 1674 S.
912 1600 1157 1675 communione
1187 1598 1302 1672 relecti
1335 1595 1452 1668 luerint
1471 1595 1497 1663 et

275 1725 337 1808 per
365 1709 502 1800 aliquod
534 1714 694 1804 temporis
719 1714 867 1807 spatium
897 1715 992 1807 juria
1026 1719 1174 1788 mentem
1204 1708 1393 1784 sanctitatis
1424 1707 1498 1778 Suae

275 1819 332 1918 pic
356 1822 525 1896 oraverint
549 1823 731 1899 elementer
756 1826 944 1920 impertitus
970 1833 1031 1900 est.
1058 1824 1237 1916 voluitque
1261 1821 1424 1894 Sanctitas
1441 1815 1499 1887 Sua

275 1931 364 2005 hanc
387 1933 526 2025 gratiam
552 1938 724 2032 perpetuis
749 1939 869 2013 tuturis
886 1938 1096 2033 temporibus
1109 1937 1285 2010 valituram
1303 1934 1430 2024 absque
1444 1927 1498 2002 ulla

277 2044 392 2118 Brevis
417 2047 641 2140 expeditione.
669 2051 790 2126 ilatum
815 2054 941 2126 Romae
966 2071 1010 2126 ex
1031 2049 1214 2126 Secretaria
1231 2050 1308 2122 Sao.
1330 2047 1500 2138 conpede

279 2157 379 2232 tionis
404 2157 689 2254 indulgentiamm
714 2164 769 2240 die
795 2169 816 2236 6
842 2165 917 2240 aliaii
941 2169 1057 2248 lull.

943 2279 1092 2371 rluqelus
1113 2275 1290 2370 Curtaquti
1319 2275 1439 2349 Secret.

791 2472 1002 2538 tutunus

627 2599 672 2672 Te
696 2598 857 2692 splendor
883 2604 914 2672 et
939 2600 1049 2673 uirtus
1074 2598 1189 2672 Patris

530 2712 573 2782 Te
597 2711 670 2783 uita
694 2712 773 2784 iesu
800 2711 964 2785 Cordium

526 2823 577 2895 Ab
604 2841 663 2895 ore
688 2824 748 2914 qui
768 2823 920 2917 peudcot
945 2829 1003 2898 luo

526 2934 728 3010 Laudemus
752 2938 842 3010 iuter
870 2939 1028 3030 Ampelos.

628 3049 702 3123 Tibi
726 3049 820 3123 mille
849 3049 955 3122 deuse
979 3049 1127 3122 millium

528 3161 662 3235 uocum
688 3180 818 3235 eorouo
843 3163 990 3235 militet:

528 3272 596 3346 Sed
621 3275 773 3366 explicat
796 3275 906 3348 uictor
937 3274 1077 3347 Crucem

527 3383 676 3459 Miciuel
702 3387 831 3460 Salutis
857 3386 1015 3480 Siquifer.

626 3500 796 3572 Droeous
822 3498 876 3573 iric
902 3499 1016 3572 dirum
1041 3502 1145 3590 ceput

529 3611 570 3682 iu
595 3611 667 3683 into
688 3614 789 3702 pellit
814 3617 953 3686 turture

529 3723 724 3814 Dulcemque
749 3741 826 3796 oum
851 3725 1031 3798 rebellibus

532 3834 673 3907 Goelestu'
698 3836 742 3909 ol
768 3839 855 3909 Aroe
879 3837 1054 3930 fulminet.

631 3948 759 4020 Contra
785 3947 905 4022 ducem
929 3949 1109 4042 superbiae

531 4059 723 4150 Sequuntur
748 4059 838 4134 lluuo
862 4080 924 4134 uos
952 4062 1145 4154 Principem

534 4169 575 4242 lit
600 4169 699 4244 detur
724 4190 768 4244 eu
791 4173 883 4264 Aqui
911 4171 1045 4246 Tirouc

530 4281 637 4352 ll'olris
662 4302 789 4356 corouo
816 4285 958 4374 plorioe.
