3346 4924
316 301 362 382 10

286 433 457 512 Plenariam
478 431 617 496 omnium
638 433 831 511 peccatorum
853 445 980 496 suornm
1006 429 1214 496 remissionem
1244 435 1275 496 et
1306 429 1530 512 indulgentiam

285 529 465 608 lucrabitur,
488 544 549 614 qua
570 526 661 592 etiam
683 524 839 606 gaudebit,
860 523 913 606 qui
928 523 1010 590 idem
1024 541 1100 607 opus
1114 525 1265 607 complere
1279 525 1440 592 intendens
1454 525 1530 596 inira

287 640 404 710 aunum
425 622 596 688 decesserit.

346 719 391 784 lt⁰
413 717 471 796 Qui
492 715 585 783 semel
600 715 646 780 vel
660 715 773 798 pluries
794 714 826 778 iu
848 713 898 782 die
915 713 1126 795 jaculatoriam
1139 714 1299 782 deamata
1312 715 1350 780 sil
1364 715 1531 784 Pariasitrta

285 819 314 881 et
333 813 528 880 Immaculata
550 809 703 894 &amplia
723 811 856 893 prolerre
887 809 1087 890 consueverit,
1108 809 1302 892 indulgentia
1331 813 1531 894 quadraginta

286 909 407 981 dierum
428 910 553 973 lruetur.

346 1003 392 1069 6.⁰
413 1004 471 1082 Qui
492 1003 599 1070 saltem
618 1001 711 1066 semel
732 1001 765 1066 in
785 1000 976 1067 hebdomada
1007 1000 1132 1068 recitare
1163 1003 1353 1069 consueverit
1383 1001 1532 1074 &ronam

287 1105 340 1168 aut
360 1100 521 1164 ltosarium
541 1102 595 1162 aut
615 1095 756 1162 Officium
778 1097 886 1188 beatae
900 1097 1011 1165 blariae
1024 1096 1159 1178 Virginis
1180 1098 1465 1176 velnetunetorum,
1479 1101 1531 1164 ant

286 1197 443 1276 vesperas,
465 1207 622 1274 unumque
645 1194 752 1257 saltem
773 1207 811 1256 ex
836 1191 999 1255 Nocturnis
1030 1207 1102 1254 cum
1129 1191 1284 1256 Laudibus
1316 1198 1368 1255 ant
1399 1191 1532 1258 Psalmos

287 1289 522 1357 Paenitentiales
543 1303 614 1354 cum
628 1287 756 1354 Litaniis
777 1303 945 1366 eorumque
959 1284 1111 1368 precibus
1132 1291 1184 1350 aut
1197 1288 1229 1351 in
1243 1287 1391 1355 honorem
1404 1285 1534 1352 Sanctis·

288 1385 358 1452 simi
377 1384 516 1452 Nominis
536 1381 619 1461 lesu,
641 1382 689 1446 vel
710 1381 847 1462 quinque
868 1381 934 1462 ejvs
961 1379 1126 1462 Plagarum
1146 1381 1257 1446 dixerit
1277 1382 1442 1466 quinquies
1463 1379 1535 1448 lira·

289 1481 397 1557 tiaaem
407 1478 603 1554 neminimus,
625 1483 677 1542 aut
699 1477 903 1542 inhonorem
924 1475 1112 1543 Sanctissimi
1130 1477 1273 1550 ,Nominis
1293 1476 1415 1558 uariae,
1447 1476 1536 1558 quin·

286 1577 374 1660 quies
392 1575 610 1642 Salutationem
625 1571 810 1654 hugelicam
826 1575 878 1634 aut
891 1569 1098 1651 Antiphonam
1112 1570 1172 1636 Sall
1187 1579 1271 1638 tuam
1281 1570 1467 1656 paediam
1480 1578 1535 1640 etc.

287 1686 359 1736 cum
379 1668 577 1748 unaqualibet
597 1683 644 1748 ex,
659 1665 832 1746 approbatis
854 1664 1048 1729 Orationibus
1069 1665 1206 1745 ejusdem
1226 1665 1422 1732 Beatissimae
1434 1665 1534 1748 Virgi-

291 1764 349 1844 nis,
370 1780 432 1844 quo
453 1763 502 1830 die
523 1762 555 1829 id
576 1763 681 1828 iecerit
701 1759 926 1840 Indulgentiam
946 1766 1062 1840 septem
1083 1761 1202 1826 dierum
1222 1765 1434 1841 consequetur.

350 1857 394 1924 79
416 1858 473 1936 Qui
493 1858 526 1922 in
548 1857 654 1938 quavis
674 1855 748 1922 teria
769 1861 853 1922 sexta
875 1855 911 1920 de
926 1855 1068 1922 Passione
1082 1861 1112 1920 et
1126 1856 1353 1924 llorteDomiui
1365 1855 1536 1922 lesu-'Chri

290 1953 332 2027 stt
351 1953 400 2036 pie
421 1951 613 2034 cogitaverit,
639 1954 671 2014 et
697 1955 742 2012 ter
770 1949 944 2014 Orationem
964 1949 1154 2018 Dominicam
1175 1967 1210 2016 ac
1233 1950 1454 2016 Salutationem
1473 1952 1537 2018 An-

288 2050 419 2134 gelicam
439 2046 620 2126 recitaverit,
641 2043 868 2126 indulgentiam
888 2047 1012 2110 centum
1033 2043 1153 2112 dierum
1173 2044 1267 2112 semel
1291 2045 1324 2116 in
1356 2045 1405 2114 die
1425 2048 1539 2130 praela·

288 2152 390 2214 torum
410 2141 587 2208 lucrabitur.

348 2237 394 2304 89
415 2239 472 2316 Qui
494 2237 535 2302 ob
556 2235 748 2301 devotionem
771 2249 843 2314 erga
855 2232 908 2298 SS.
921 2233 1044 2316 loseph,
1059 2233 1268 2314 benedictum,
1282 2237 1431 2317 Maurum,
1445 2237 1540 2306 Scbo

290 2335 428 2400 lasticam
447 2337 478 2396 et
499 2329 680 2396 Gertrudem
702 2328 858 2394 recitanda
878 2328 1033 2392 Psalmum
1052 2327 1195 2394 Miserere
1215 2330 1282 2394 mei
1301 2331 1381 2396 neae
1401 2339 1466 2412 eta,
1486 2339 1541 2400 aut

289 2429 453 2514 quinquies
474 2425 648 2493 Orationem
668 2423 868 2502 dominicam,
899 2428 929 2486 et
950 2421 1168 2489 Salutationem
1189 2424 1366 2506 hugelioam
1396 2429 1540 2510 oraverit,

289 2531 327 2592 ut
345 2525 427 2590 Deus
448 2537 501 2604 per
522 2536 629 2589 eorum
648 2519 896 2584 intercessionem
917 2517 1060 2585 Sanctam
1081 2517 1267 2586 Catholicam
1280 2521 1447 2588 Ecclesiam
1467 2539 1539 2590 con·

290 2624 399 2697 servet,
421 2618 581 2698 ipsumque
602 2617 738 2679 orantem
758 2612 848 2677 beato
870 2613 931 2680 tine
951 2613 1106 2696 quiescere
1126 2613 1216 2680 iaciat
1230 2613 1457 2700 indulgentiam
1469 2634 1540 2684 cen·

290 2721 358 2782 tum
377 2713 498 2779 dierum
517 2713 732 2790 consequetur.

349 2807 394 2870 ll.⁰
417 2805 475 2882 Qui
496 2815 567 2870 ante
589 2803 827 2868 celebrationem
841 2803 960 2882 Missae,
974 2803 1022 2868 vel
1036 2806 1241 2886 sumptionem
1254 2805 1473 2888 Eucharistiae,
1487 2815 1543 2876 aut

288 2899 500 2966 recitationem
523 2897 620 2965 Olllcii
634 2897 736 2962 llivini
757 2897 807 2960 vel
827 2898 916 2962 Parvi
931 2899 964 2962 B.
977 2898 1093 2964 Mariae
1104 2899 1238 2982 Virginis
1252 2901 1391 2968 devotam
1405 2901 1544 2984 aliquam

290 2995 495 3080 procationem
515 2993 700 3070 adhibuerit,
721 2991 913 3072 indulgentia
934 2994 1135 3076 quadraginta
1157 2994 1277 3061 dierum
1297 2995 1424 3062 iruelnr.
1467 3065 1471 3074 ,

353 3091 417 3161 109
439 3089 498 3168 Qui
518 3105 572 3170 pro
594 3086 851 3152 christifidelibus
873 3088 904 3151 in
928 3106 1024 3168 agone
1044 3090 1217 3154 constitutis
1237 3091 1335 3156 Ecum
1365 3091 1544 3174 deprecabi-

292 3194 353 3266 tur,
373 3203 408 3252 aa
430 3202 485 3267 pro
506 3184 581 3266 ipsis
602 3190 647 3246 ter
668 3181 845 3249 Orationem
865 3184 1056 3250 Dominicam
1076 3190 1106 3250 et
1127 3183 1348 3254 Salutationem
1360 3185 1545 3276 Angelicam

292 3281 417 3359 dicerit,
438 3277 662 3360 Indulgentiam
684 3277 906 3360 quinquaginta
928 3278 1047 3344 dierum
1068 3281 1214 3360 acquiret.

353 3376 417 3439 ll.⁰
438 3375 495 3450 Qui
517 3373 654 3437 detemos
676 3373 706 3435 in
729 3388 858 3450 carcere,
880 3377 932 3436 aut
953 3378 1092 3452 aegrotos
1115 3374 1147 3437 in
1161 3375 1349 3440 Noscccmiis
1370 3378 1474 3462 aliquo
1489 3381 1545 3464 pio

293 3487 384 3554 opere
404 3468 576 3549 adjuvanda
597 3467 775 3548 visitaverit,
795 3473 847 3532 aut
866 3467 1040 3534 bactrioam
1054 3467 1259 3536 Christianam
1278 3473 1310 3536 in
1328 3471 1475 3556 Ecclesia,
1490 3483 1546 3540 aut

294 3567 384 3632 Domi
405 3565 484 3628 lilios
506 3561 552 3626 vel
567 3563 754 3643 propinquos
776 3562 823 3626 vel
842 3561 970 3626 famulos
985 3563 1132 3644 docuerit,
1147 3574 1265 3645 praeter
1279 3565 1490 3650 indulgentias
1504 3571 1546 3634 ab

294 3661 361 3726 aliis
381 3657 516 3724 Summis
537 3657 737 3720 Pontificibus
758 3655 796 3720 ad
817 3655 846 3722 id
869 3671 1037 3738 concessas,
1058 3657 1147 3722 toties
1167 3657 1394 3742 indulgentiam
1420 3661 1546 3730 bisceo-

295 3761 360 3820 lum
381 3753 500 3817 dierum
521 3750 714 3832 adipiscetur.

356 3847 422 3916 12⁰
443 3847 502 3925 Qui
523 3844 672 3912 Coronam
693 3850 746 3910 aut
767 3846 927 3914 Rosarium
947 3847 980 3914 B.
996 3847 1031 3912 V.
1051 3848 1163 3914 Mariae
1183 3849 1215 3916 in
1235 3848 1383 3916 honorem
1403 3851 1549 3932 ejusdem

293 3945 477 4015 Purissimae
496 3949 527 4005 et
547 3940 759 4007 immaculatae
790 3939 1002 4026 conceptionis
1034 3945 1213 4023 recitaverit,
1244 3947 1341 4028 ipsam
1372 3947 1550 4030 deprecans

295 4039 377 4122 apud
397 4039 464 4120 ejus
483 4037 628 4102 Divinum
644 4035 769 4116 Eilium,
790 4042 825 4100 ut
845 4039 910 4101 siue
931 4039 1036 4102 lethali
1057 4039 1126 4104 labe
1146 4040 1246 4104 vivere
1267 4047 1298 4104 ot
1324 4043 1403 4108 mori
1435 4045 1550 4126 valeat,

297 4133 522 4214 indulgentiam
541 4137 657 4212 septem
677 4147 827 4196 annorum
847 4133 1003 4212 percipiet.

358 4227 421 4294 13.⁰
443 4227 501 4304 Qui
521 4225 752 4294 sanctissimum
773 4226 979 4294 Eucharistiae
1013 4227 1163 4296 viaticum
1194 4229 1233 4298 ad
1263 4229 1401 4299 infirmos
1432 4232 1549 4302 devote
