3134 4918
566 386 784 452 -lil-

85 521 194 594 «iuxta
220 537 302 612 ergo
327 520 528 594 anteriorem
553 521 752 604 facultatem,
778 519 878 593 habet
894 521 933 592 D.
952 519 1208 593 commissarius
1233 520 1296 593 Ge·

81 633 183 706 nemlis
198 633 388 708 iaaultatem
406 632 618 726 agnoscendi,
637 640 670 707 et
686 631 898 705 examinandi
916 651 1034 705 omnes
1055 633 1292 723 indulgentias,

80 745 181 834 gratias
206 753 240 818 et
263 745 435 838 privilegia
460 763 547 836 quae
565 765 583 816 a
600 745 635 817 S.
656 744 744 819 Sede
770 744 1000 818 conceduntur
1024 745 1294 838 quibuscumque

78 857 221 947 panna,
256 875 318 931 seu
344 857 630 950 corporationibus
647 857 769 930 horum
786 858 989 949 Regnorum,
1017 863 1050 930 et
1075 857 1228 928 edentum
1246 856 1295 927 ul-

78 970 133 1042 tum
155 971 282 1044 habere
308 977 491 1063 nequeunt,
524 970 606 1043 dum
631 989 700 1043 non
732 971 903 1044 obtineant
928 969 1199 1054 debilitationem,
1233 975 1295 1043 seu

77 1091 248 1174 exequatur
273 1083 424 1175 ejusdem
448 1084 488 1154 o.
510 1083 747 1157 commissarii.
772 1085 890 1174 Neque
915 1084 1014 1156 etiarn
1040 1088 1182 1175 possunt
1206 1082 1295 1173 typis

76 1193 220 1280 mutari,
255 1213 320 1268 nea
349 1195 512 1287 publieari
545 1195 675 1286 aliquae
707 1215 750 1268 ex
775 1195 847 1267 istis
881 1196 1003 1287 gratiis
1031 1194 1095 1266 nisi
1119 1192 1297 1286 praecedat

75 1305 163 1396 ipsius
188 1307 397 1399 approbatio,
423 1307 689 1381 sentinando».
720 1307 903 1392 Quaeritur
935 1325 1024 1379 noue
1050 1325 1151 1398 ergo:
1181 1305 1294 1378 Potest

75 1435 231 1509 reponens
250 1418 378 1509 uisque
395 1418 656 1510 approbatione,
676 1419 825 1500 lieentia,
847 1437 905 1492 seu
929 1421 1121 1509 exequatur
1136 1418 1180 1489 D.
1200 1417 1295 1488 Corn·

74 1529 208 1602 niaurii
234 1529 415 1602 Generalis
441 1529 624 1602 Cruciatur
649 1527 775 1612 aulide,
802 1535 834 1601 et
851 1531 941 1604 licite
957 1531 1018 1610 uti,
1035 1529 1172 1622 fruique
1187 1528 1295 1623 guarri-

75 1641 201 1726 totitas,
229 1646 263 1713 et
288 1642 411 1734 gratiis
435 1641 671 1734 supradietis?

132 1753 207 1826 Sao.
233 1751 454 1845 congregatio
478 1752 622 1846 praeriis
647 1753 884 1826 consultorum
910 1754 995 1826 votis
1020 1751 1294 1845 respondendum

71 1879 134 1936 etse
157 1864 256 1937 duxit
280 1863 534 1937 «affirmative»
553 1863 723 1954 videlieet;
742 1865 854 1956 quoad
869 1884 970 1938 usum
987 1871 1020 1938 et
1036 1865 1226 1938 fruitionem
1243 1864 1293 1936 di·

70 1981 185 2048 atarom
211 1975 496 2067 indulgentiarum
520 1993 623 2068 posse
648 1981 814 2048 oratorem
841 1977 937 2060 licite,
956 1983 989 2050 et
1005 1975 1123 2060 valide,
1150 1975 1212 2048 sed
1229 1975 1295 2068 pri·

70 2093 134 2159 rate
157 2093 287 2160 mnium
314 2085 434 2160 iisdem
458 2087 506 2160 uti
532 2087 663 2177 gratiis3
689 2086 874 2160 dummodo
900 2089 935 2160 in
960 2087 1084 2160 nullius
1116 2096 1318 2181 gravamen-

69 2199 189 2284 aedant,
207 2206 266 2272 aut
280 2200 315 2272 in
332 2197 573 2292 praejudicium
599 2199 696 2284 tertii,
724 2205 781 2272 aut
805 2198 952 2272 scandali
969 2199 1179 2271 ooaasionem
1203 2217 1297 2290 prae-

67 2307 174 2402 nune
194 2319 229 2384 et
244 2310 429 2384 dummodo
454 2317 566 2383 orator
582 2309 683 2384 hasne
704 2311 912 2402 Apostolieas
930 2311 1051 2401 gratias
1068 2315 1101 2381 et
1125 2309 1296 2382 iaaultates

68 2419 131 2495 sine
155 2422 290 2496 liuentia
306 2421 537 2496 Commissarii
561 2421 709 2517 praelati,
727 2423 815 2514 typis
832 2420 992 2494 mandare
1008 2437 1076 2494 non
1092 2425 1295 2513 praesumat.

67 2533 118 2608 lile
141 2539 190 2609 28
217 2535 294 2610 iulii
321 2537 428 2608 l8t0.

636 2645 719 2718 lllV.

587 2776 762 2829 ranarum.

129 2872 187 2944 liu
209 2875 313 2963 porte
341 2871 381 2941 Ρ.
410 2869 603 2961 Praepositi
622 2868 904 2961 congregationis
922 2870 1077 2943 oratorii
1095 2869 1128 2941 S.
1146 2865 1299 2961 Plrilippi

67 2979 156 3054 Narii
170 2981 329 3055 Gimtutia
350 2982 533 3053 Taurinae.
552 2979 747 3072 eupoaitur,
768 2979 860 3072 quod
877 2999 969 3053 ouon
991 2985 1084 3052 l8l5
1103 2985 1299 3052 transeunte

68 3093 122 3166 Pio
151 3096 218 3168 Vll
237 3112 313 3167 sau.
339 3111 404 3166 rae.
430 3111 475 3165 aa
500 3093 565 3165 illo
592 3093 748 3174 Ciuitate,
775 3090 969 3166 secerdotes
986 3091 1134 3182 ejusdem
1153 3092 1299 3186 Gangre·

68 3209 232 3294 gutionis,
263 3203 368 3300 pedes
394 3205 527 3278 Summi
551 3203 724 3297 Pontifieis
750 3204 977 3285 obsculantes,
1004 3205 1103 3275 illuni
1124 3201 1300 3274 inutiliter

66 3324 252 3392 mouerunt
274 3338 341 3410 pro
368 3317 598 3397 noncessmne,
625 3333 683 3388 seo
705 3317 952 3407 prorogatione
976 3314 1296 3406 indulgentiarum,

65 3446 101 3499 oe
123 3431 403 3520 Ρῆυίὶεᾳίοηιιη,
431 3429 552 3519 quibus
569 3427 656 3518 jum*
670 3432 750 3498 onte
770 3428 1040 3518 suppressionem
1057 3423 1188 3497 liudem
1209 3425 1304 3496 coe

66 3543 217 3631 preputio
235 3539 423 3633 gaudebat,
442 3539 564 3631 quibus
580 3537 671 3611 idem
688 3538 848 3631 Pontifeu
860 3538 1005 3630 pululare
1025 3534 1199 3628 respondit
1218 3536 1297 3606 «ln-

64 3649 257 3743 dutgentias,
284 3658 319 3725 et
342 3651 515 3742 Ptirilegia
537 3669 606 3722 non
623 3651 787 3734 amisisse,
813 3669 908 3722 naor:
935 3651 1019 3722 siete
1036 3649 1110 3720 stati
1132 3646 1296 3739 oppressi,

64 3765 217 3856 (inquit)
242 3783 262 3836 e
287 3783 355 3838 non
381 3763 571 3857 suppressi;
597 3763 628 3834 la
653 3763 891 3854 suppressione
917 3780 984 3834 non
1010 3760 1030 3834 e
1054 3767 1138 3832 slata
1165 3758 1270 3849 legale
1282 3763 1301 3820 ³·

64 3881 96 3946 ut
110 3897 192 3951 aero
206 3897 275 3970 pro
292 3877 420 3966 mojori
436 3894 555 3950 eorum
572 3875 825 3965 tranquillitate
843 3877 1055 3965 quaeritate
1074 3873 1151 3944 See.
1172 3871 1297 3961 congr.

65 3988 140 4078 qaid
164 3987 379 4062 sentiendum
404 3989 448 4060 sit
473 3987 539 4060 lruo
564 3987 757 4079 superae?

128 4101 206 4174 sao.
233 4100 453 4191 congregatio
479 4097 654 4189 respondit
676 4098 794 4170 «Nulla
820 4096 1114 4189 indulgentiarum,
1141 4111 1202 4166 seu
1226 4094 1298 4166 Pri·

63 4212 256 4304 denorum
280 4231 368 4286 nora
392 4211 620 4295 aonaessione,
640 4210 684 4282 olr
701 4211 832 4283 allatam
849 4210 893 4283 ab
910 4207 1037 4284 Eodem
1063 4204 1221 4280 Pontillee
1245 4225 1297 4278 ra-

64 4321 199 4409 tionem,
225 4323 417 4417 indigem».
444 4323 504 4396 [tie
530 4327 577 4394 26
603 4323 745 4415 Augusti
774 4327 879 4395 leto.
