3120 4924
761 346 980 412 -iitb-

94 488 99 498 '
244 489 338 563 tibus,
358 503 427 558 non
453 481 675 557 obstantibus.
702 481 823 553 batum
848 498 893 553 er
917 478 1101 554 secretaria
1117 477 1192 552 Sao.
1209 478 1487 572 congregationis

245 597 530 692 indulgentiarum
555 595 611 670 tiis
637 599 682 668 ab
708 592 879 668 Februarii
908 598 1014 666 i762.

673 708 682 718 ”
843 703 895 780 Ν.Ι
911 705 1016 778 cmo.
1042 704 1259 780 Amenanus
1284 707 1408 781 Panse

817 835 833 866 ἰ
887 819 918 892 J.
944 819 996 893 De
1022 819 1209 895 conitiens
1232 821 1359 895 &etei

801 981 922 1120 omn.
1040 1101 1050 1118 ,

316 1277 429 1363 Quum
446 1292 465 1346 a
482 1273 766 1346 commorantibus
784 1272 818 1344 in
834 1271 947 1360 Belgio
960 1270 1138 1364 theologis
1154 1270 1361 1366 lubosoripta
1379 1269 1487 1347 dubia

242 1391 316 1464 San.
331 1387 587 1480 Congrogntioni
599 1384 884 1475 indulgentiarum
898 1385 1069 1476 proposita
1083 1383 1206 1458 luerint
1219 1384 1421 1470 definienda,
1436 1387 1486 1459 vi·

241 1501 361 1576 detinet
376 1499 518 1572 i.⁰‹An
531 1515 610 1570 mm
621 1497 805 1570 Dominico
819 1495 1066 1588 secuueopost
1079 1496 1313 1589 Epiphaniam
1327 1497 1486 1590 Officium

240 1612 453 1688 Samtlssitni
478 1609 637 1683 Nominis
661 1610 750 1690 lesu,
779 1613 811 1681 et
836 1609 1019 1680 Dominioo
1053 1607 1146 1700 infru
1182 1610 1350 1682 Ootouom
1375 1611 1482 1683 Nati·

239 1727 356 1800 nitetis
372 1726 413 1796 B.
430 1725 478 1796 ii.
503 1721 648 1811 Viruinis
667 1719 820 1812 Officium
848 1719 1060 1792 sanctissimi
1085 1721 1245 1794 Nominis
1269 1722 1407 1795 Mariae
1432 1729 1484 1795 est

239 1833 524 1929 transimennum,
550 1834 676 1906 Missos
703 1835 864 1915 solemni,
880 1851 969 1924 quoe
986 1836 1066 1905 tbnc
1083 1832 1155 1906 istis
1172 1833 1290 1907 diebus
1316 1839 1485 1910 tentetur

240 1948 283 2022 tle
307 1948 505 2028 nonnum,
531 1947 586 2018 vel
612 1943 654 2018 de
680 1947 778 2018 Festo
805 1946 926 2018 altiori
959 1949 1157 2019 occurrente
1189 1945 1331 2020 eduens
1355 1948 1399 2020 sil
1423 1949 1485 2020 in·

238 2059 417 2152 duluenlio
442 2058 658 2131 Pleuuriuo
694 2059 749 2151 tol.
776 2077 843 2130 reo.
874 2057 1072 2130 innocentio
1105 2058 1196 2132 lilii
1224 2077 1382 2132 consessu
1410 2059 1484 2132 illis

238 2172 297 2264 qui
323 2171 536 2244 consistentes
561 2171 656 2244 iutro
684 2173 800 2244 Slotns
826 2168 1087 2242 Haerediton‘os
1111 2171 1229 2244 Caroli
1260 2172 1306 2244 lli
1326 2171 1483 2264 impero·

241 2284 326 2358 toris
352 2281 592 2376 interfuerint,
619 2287 654 2356 et
679 2287 845 2373 quatenus
883 2281 1039 2371 negative
1064 2309 1077 2344 ›
1106 2280 1158 2353 ΞΡ
1183 2283 1237 2355 An
1262 2286 1352 2366 tune,
1379 2287 1426 2355 etv
1441 2303 1484 2357 eo

241 2415 323 2470 soon
349 2401 387 2468 ut
415 2393 654 2489 christifideles
680 2412 758 2468 eom
783 2393 1041 2484 ludulqeutiom
1065 2395 1208 2467 onleont
1232 2395 1482 2488 udipnoieou·

239 2496 456 2582 torl'oebeot
472 2508 578 2583 Misso
595 2507 713 2580 uotiua
738 2507 906 2578 Solemnis
923 2504 965 2578 de
984 2507 1208 2580 moetnnno
1235 2509 1483 2584 Noruinetesu

239 2624 292 2696 oei
306 2622 443 2696 Mariae
454 2620 687 2714 respectioel»
713 2618 838 2692 Eadem
851 2618 925 2690 Sao.
940 2617 1161 2710 congregatio
1178 2619 1290 2694 habita
1302 2621 1338 2693 in
1354 2621 1482 2696 Palatio

237 2735 429 2828 iposmiioo
454 2733 615 2820 Quirinali
640 2731 736 2805 l'nria
759 2731 797 2804 ii.
824 2730 1060 2805 iiiebrnnrii-
1077 2733 1241 2805 currentis
1275 2734 1353 2807 enni
1382 2739 1480 2806 litii

239 2845 440 2939 supradietis
466 2843 576 2918 dubiis
602 2845 663 2916 rite
694 2843 892 2916 examinatis
924 2842 1178 2916 rescribendum
1211 2859 1288 2918 osse
1320 2847 1478 2920 consuit:

239 2957 282 3032 ad
300 2958 449 3032 Primum
474 2957 760 3040 «affirmative»,
779 2955 821 3028 ari
833 2955 1028 3028 seeundum
1054 2957 1252 3028 ‹vaisum
1267 2957 1302 3030 in
1317 2958 1425 3048 numo
1442 2987 1480 3032 ι.

238 3071 288 3142 Ile
314 3069 438 3162 quibus
462 3069 547 3141 lauta
573 3087 635 3160 per
659 3087 714 3140 me
731 3067 977 3159 intrusoriptum
994 3067 1154 3140 relatione
1177 3068 1393 3142 sanstissimo
1409 3071 1481 3144 Dn-

238 3182 332 3258 mino
357 3181 478 3254 Nostro
503 3179 667 3252 Clementi
692 3179 753 3251 PP.
779 3179 854 3252 lilii
880 3179 914 3251 in
939 3178 1117 3254 audientia
1141 3177 1254 3252 habita
1277 3179 1481 3256 subendam

238 3294 293 3367 tiis
319 3290 549 3374 siebruarii,
575 3290 740 3364 Sanctitas
765 3293 832 3365 Sua
858 3292 996 3365 Decreta
1022 3293 1095 3364 Sao.
1122 3290 1396 3382 congregationis
1419 3293 1482 3368 bo·

235 3393 338 3497 nigno
364 3401 574 3496 approbarim
598 3408 701 3493 atquo
726 3403 772 3476 ita
797 3405 967 3496 perpetuis
988 3402 1109 3476 tuturis
1125 3403 1335 3494 temporibus
1360 3403 1477 3480 indul·

235 3523 309 3592 tum
346 3516 400 3589 iel.
426 3533 493 3588 reo.
532 3516 716 3588 innocentii
741 3517 817 3589 lilii
850 3514 1103 3606 intelligendum
1136 3531 1213 3588 osso
1245 3534 1284 3588 an
1313 3516 1348 3590 in
1378 3521 1480 3609 praxi

237 3615 476 3721 exequendum
511 3627 690 3702 declararit
722 3635 823 3720 atque
852 3628 1031 3702 mandarit.
1062 3629 1183 3702 ilatum
1214 3629 1480 3706 ossonensis

237 3742 366 3816 Samus.
382 3741 657 3834 congregationis
684 3739 969 3833 indulgentiarum
994 3740 1050 3836 tiis
1078 3744 1094 3811 i
1123 3740 1231 3816 norit
1252 3745 1365 3815 ilii.
1451 3784 1485 3804 .·

837 3966 876 4040 N.
902 3965 1006 4048 Cano.
1032 3917 1252 4046 assensistis
1269 3939 1398 4040 'imru

887 4080 917 4152 l.
943 4081 994 4154 De
1020 4078 1206 4154 comitibus
1222 4079 1348 4156 Sensi
