3132 4924
1224 350 1269 418 69

624 483 730 557 XXV.

80 678 259 744 innnninrn
281 676 539 762 indulgentiorem
559 683 586 741 et
604 674 828 760 prioitcpiornn
846 675 949 760 sonmo
967 675 1100 741 mnium
1119 683 1148 742 et
1167 675 1298 760 singulo

143 805 209 852 cnm
230 785 518 872 &nicoternitotnm
539 802 592 850 sen
611 785 807 851 Sodalitotnm
826 786 881 870 snb
903 785 988 850 citato
1005 783 1106 851 Soncti
1124 785 1244 850 Amnis
1263 788 1300 852 B.

141 899 182 961 dl.
210 895 242 960 V.
263 895 472 974 Aneiliotricis
491 893 628 960 cononice
646 895 856 978 erigendarum
875 894 909 958 in
928 889 1085 959 bistonio
1104 893 1254 978 Aigorbiis
1274 902 1303 962 et

12 1065 14 1112 t
139 1005 202 1070 otiis
224 1005 385 1071 ditionibus
412 987 605 1070 &cannino
624 1003 698 1086 Regi
722 1000 892 1086 fidelissimo
917 1001 1054 1082 subestis
1069 1001 1162 1083 ilecto
1181 1003 1303 1070 beneco

12 1123 14 1226 j
142 1114 204 1180 Soc.
233 1111 472 1198 mnorepoctonis
492 1129 532 1178 ecc
551 1110 714 1178 Audientin
742 1109 926 1179 &aeunni
948 1111 995 1178 die
1015 1113 1055 1178 26
1073 1112 1215 1180 tonantii
1234 1113 1303 1178 etll

12 1229 13 1304 j
138 1220 250 1305 Aprilis
271 1221 358 1287 l833.

449 1382 476 1449 A
503 1383 572 1448 Ven.
592 1379 762 1447 Innocentio
782 1381 842 1447 ΡΡ.
863 1381 915 1447 Xi.
1053 1439 1055 1442 .

490 1519 696 1603 Indulgentiae
715 1519 872 1585 Ptenorioc

137 1699 180 1762 l.⁰
203 1697 395 1780 Indulgentia
416 1695 554 1762 Plenaria
582 1695 724 1760 omuibus
745 1701 776 1760 ct
796 1692 926 1777 singulis
954 1692 1208 1760 christifidelibus
1232 1711 1302 1761 voro

11 1779 285 1873 poenitentibus
298 1792 453 1870 confessis,
473 1806 618 1872 sacraque
639 1788 858 1855 Commuuloue
879 1790 998 1856 relectis
1012 1791 1062 1856 dle
1077 1791 1174 1872 prima
1194 1790 1303 1856 adscri-

67 1889 166 1968 ptionis
188 1888 228 1953 ad
249 1887 532 1954 Contraternltatem
552 1902 605 1950 sou
628 1869 835 1951 Sodalitatem.

136 1983 183 2049 2⁰
205 1983 398 2064 indulgentia
426 1981 592 2046 Plenaria
584 1997 616 2044 ιιι
637 1981 765 2046 articulo
784 1981 892 2046 mortis
918 1981 1127 2047 Conlratrlbus
1147 1986 1179 2047 et
1198 1997 1303 2046 conso·

66 2079 176 2143 roribus
200 2077 355 2156 concessis,
376 2091 520 2157 sacraque
534 2075 754 2140 communione
772 2074 903 2155 relectis,
924 2076 971 2140 vel
992 2083 1141 2158 quatenus
1161 2076 1193 2142 id
1207 2078 1304 2142 lacere

65 2173 261 2254 nequiverint,
283 2173 390 2236 saltem
409 2170 548 2235 contritis
574 2168 808 2234 sanctissimum
826 2170 944 2236 Nomen
963 2171 1036 2236 iesu
1061 2185 1113 2235 ore
1133 2170 1180 2234 slu
1201 2171 1305 2235 minus

65 2267 146 2332 corde
166 2266 276 2331 devote
297 2264 520 2330 invocantibus.

136 2357 183 2428 ³9
205 2357 396 2442 lndnlgeutia
417 2359 554 2426 Plcuaria
575 2359 607 2424 iu
629 2361 704 2424 testo
724 2359 901 2442 principali,
922 2360 972 2425 die
991 2359 1084 2425 semel
1109 2359 1249 2440 eligenda
1272 2363 1303 2424 et

63 2457 96 2522 ab
115 2457 279 2524 Ordinatio
300 2457 505 2539 approbanda,
526 2455 585 2520 rito
605 2454 759 2537 dispositis
769 2462 807 2520 nt
825 2473 917 2539 supra
938 2461 970 2520 et
990 2454 1183 2520 visitantibus
1203 2454 1304 2520 Eccle-

63 2553 131 2617 siam
144 2569 202 2617 seu
217 2551 390 2633 cappellam
409 2551 456 2615 vel
476 2551 648 2617 oratorium
669 2550 939 2630 inutraternitatis,
961 2551 1064 2632 ibique
1078 2549 1236 2616 crantibus
1249 2566 1304 2631 pro

62 2647 301 2712 Christianorum
321 2646 497 2727 Principum
518 2645 691 2725 concordia,
705 2645 866 2710 haeresum
886 2645 1086 2728 extirpatione
1108 2661 1143 2710 ao
1156 2643 1187 2709 S.
1201 2643 1305 2709 blatris

61 2742 210 2807 Ecclesiae
229 2740 420 2806 exaltatione.
446 2741 526 2804 llaec
547 2739 685 2804 Plenarla
702 2739 894 2822 Indulgentia
915 2746 1014 2824 potest
1034 2739 1179 2822 applicari
1200 2739 1232 2803 ln
1246 2739 1305 2804 sul·

56 2837 190 2919 tragium
209 2835 346 2901 fidolium
360 2836 571 2901 detunctorum
583 2835 671 2916 iuxta
686 2837 912 2902 concessionem
932 2835 1050 2904 Summi
1064 2835 1219 2904 Pontificis
1233 2835 1303 2902 Gro-

61 2933 134 3013 gorii
155 2933 216 2998 PP.
236 2929 304 2996 XVI
324 2935 359 2996 ul
378 2929 466 2995 inlra.

240 3221 243 3232 Δ
492 3117 698 3206 Indulgentiae
722 3118 869 3186 Portioler

136 3311 184 3376 l.⁰
204 3309 397 3394 indulgentia
419 3314 534 3391 septem
555 3326 706 3375 annorum
726 3311 913 3392 totidemque
941 3311 1206 3393 quadragenarum
1227 3328 1302 3392 qua·

57 3417 125 3473 tuor
145 3406 256 3472 diebus
276 3405 308 3470 in
330 3422 410 3470 anno
430 3403 468 3470 ab
490 3404 649 3471 ordinario
663 3407 755 3470 semol
772 3410 891 3472 mulum
911 3405 1107 3489 designandis
1129 3407 1186 3471 rito
1205 3405 1303 3488 dispu-

58 3503 122 3566 sitis
143 3501 336 3566 visitantibus
356 3505 388 3564 et
407 3499 564 3566 orantibus
584 3506 742 3582 utsupra.

136 3595 185 3661 2⁰
204 3594 395 3675 indulgentia
416 3595 574 3678 sexaginta
595 3595 714 3661 dierum
734 3611 789 3679 pro
810 3595 1055 3680 quibuscumque
1080 3597 1140 3680 piis
1162 3611 1252 3680 opere
1272 3599 1304 3660 et

58 3690 216 3756 exercitio.

138 3784 244 3862 Quoad
264 3783 465 3850 visitationem
486 3785 700 3868 praescriptam
723 3785 885 3865 Ecclesiae,
906 3803 960 3851 seu
981 3786 1141 3869 cappellae
1162 3784 1209 3849 vel
1230 3784 1302 3850 Ora·

58 3879 129 3944 torii
156 3877 415 3944 Gonlraternitatls
442 3878 655 3945 Sanctissimae
681 3881 829 3946 Dominus
855 3881 964 3946 Noster
985 3881 1130 3962 Gregorio
1152 3881 1210 3946 PP.
1234 3877 1302 3944 xvl

57 3973 187 4038 indulsit
206 3977 242 4037 ut
261 3990 280 4036 a
301 3970 436 4054 legitime
456 3973 610 4055 impoditis
629 3974 755 4039 servatis
775 3976 930 4040 servandis
951 3989 1159 4058 quamumqno
1180 3973 1303 4056 publica

56 4067 191 4134 Ecclesia
213 4069 356 4134 substitui
377 4069 481 4151 possit.
502 4068 561 4133 Pro
581 4069 757 4135 recitatione
774 4077 876 4134 autem
894 4071 1082 4136 Litanlamm
1102 4069 1134 4133 in
1155 4067 1303 4134 bonorem

57 4163 92 4226 B.
113 4163 152 4227 ll.
172 4163 208 4228 V.
229 4181 271 4228 sa.
292 4163 446 4228 mecPins
459 4162 513 4227 vll
534 4166 682 4228 concessit
696 4165 727 4228 in
742 4170 924 4246 perpetuum
944 4164 1169 4245 indulgentiam
1188 4169 1303 4228 terren

57 4263 126 4324 tum
144 4258 262 4326 dierum
275 4259 367 4328 etiam
384 4273 438 4342 per
459 4257 583 4326 modum
596 4259 735 4342 sultragil
753 4259 895 4326 fidelibus
915 4259 1066 4326 doleretis
1079 4259 1299 4344 applicabilem
