3134 4918
585 338 803 405 -tut-

583 530 802 603 GDLXXXV.

596 689 780 742 TORNAGEN.

151 810 332 902 meopte
362 809 582 882 l'ornacensis
608 811 685 883 Sue.
715 809 980 902 conprepauoni
1006 806 1069 882 lloe
1087 805 1228 881 dulium
1244 802 1309 880 sal·

90 919 219 992 eeudurn
239 922 425 1013 proposuit
461 923 587 993 «inter
619 920 777 1004 allartus,
810 939 897 1011 quae
923 921 959 992 in
984 917 1135 993 Ecclesia
1161 920 1310 992 sanctu

94 1033 307 1106 ll'aldetrudis
321 1034 487 1108 iliaecesis
505 1037 689 1107 lamecen.
705 1038 937 1116 asservantur,
955 1034 1173 1107 inueniuntur
1189 1033 1306 1115 Bulla,

88 1151 114 1216 et
135 1148 275 1218 Decreta
302 1147 512 1238 episcopalia
538 1147 658 1237 quitus
675 1145 873 1219 conceditur
887 1146 1037 1240 facultas
1053 1143 1208 1240 eripendi
1225 1145 1310 1219 Gon·

86 1257 327 1349 inunitatem
357 1255 469 1332 dictae
504 1261 651 1332 Sanctae
690 1255 929 1340 Waldetrudis,
958 1256 1235 1340 addubitata,
1262 1270 1310 1330 an

83 1371 235 1464 praesuta
263 1370 537 1463 Confroternitas
554 1389 718 1462 nmquam
736 1376 849 1444 erecta
865 1370 920 1453 sit,
938 1369 992 1444 oet
1008 1387 1055 1442 au
1073 1368 1203 1463 detentu
1222 1367 1309 1442 Can·

85 1481 223 1572 tranem
250 1481 388 1555 desierit
413 1483 566 1556 existere.
596 1484 679 1554 Cum
705 1483 750 1564 ai,
778 1486 810 1554 et
835 1485 949 1554 tenore
964 1482 1149 1554 Bullanun
1168 1479 1311 1574 Contra·

86 1595 217 1668 territas
241 1596 280 1666 iu
301 1598 506 1688 perpetuum
533 1593 699 1687 eripenda
724 1600 816 1679 esset,
830 1596 963 1686 petitur
979 1613 1027 1666 ou
1043 1611 1154 1668 nouae
1170 1594 1310 1668 erectio·

85 1707 130 1780 uis
143 1707 332 1780 amnicae
350 1727 434 1800 opus
456 1709 499 1780 sit
516 1707 565 1781 ad
580 1706 848 1782 instaurandam
866 1706 955 1781 lonc
975 1707 1311 1800 confraternitatem,

83 1821 130 1892 eet
151 1823 180 1894 si
205 1820 361 1893 mudum
386 1826 498 1895 erecta
514 1821 592 1914 tuit,
609 1822 720 1894 nullis
736 1825 768 1894 et
785 1821 935 1894 Decretis
947 1819 1137 1913 praedictis
1153 1819 1204 1894 uti
1220 1835 1310 1894 nuuc

84 1931 188 2007 adulti
215 1935 319 2007 liceat
330 1937 347 2003 ἵ
359 1962 371 1996 s
436 1973 441 1984 ·
795 1984 798 1990 ·

147 2045 222 2120 Sac.
249 2046 470 2138 congregatio
496 2045 617 2118 auditis
642 2045 878 2119 consultorum
908 2045 1012 2130 rotis,
1037 2044 1208 2138 rebusque
1239 2063 1311 2118 rna·

84 2161 149 2230 ture
173 2159 363 2250 perpensis,
391 2157 568 2232 declararit
593 2177 660 2230 non
688 2157 837 2252 indigere
861 2175 948 2231 noea
970 2158 1128 2230 monnica
1145 2157 1312 2232 erectione

72 2285 137 2366 ⁸pro
161 2269 345 2342 sodalitate
370 2271 511 2344 Sanctae
535 2269 762 2343 waldetrudis
789 2269 1020 2359 instauranda;
1046 2287 1085 2341 ac
1100 2268 1130 2341 si
1147 2269 1246 2342 etlam
1267 2267 1312 2342 ab

83 2379 244 2456 lunum
270 2379 481 2456 contratrum
506 2383 579 2475 ipsa
604 2383 750 2468 desierit,
777 2389 889 2456 lamen
915 2380 1155 2473 indulgentiae,
1183 2397 1222 2454 an
1245 2377 1314 2454 Pri·

82 2495 195 2586 vilugio
221 2495 256 2568 ln
283 2495 460 2568 enunciata
485 2495 577 2568 Bulla
602 2499 767 2580 antenna,
793 2495 931 2568 minime
948 2493 1071 2568 amissa
1087 2497 1185 2586 aunt;
1202 2489 1314 2588 proin·-

83 2604 187 2700 deque
214 2607 338 2700 rigere.
365 2607 426 2681 Die
453 2611 499 2680 28
525 2607 672 2682 tannarii
698 2611 803 2680 l839.

577 2805 811 2878 CllLllllXVl.

610 2949 782 3006 nnconnn.

147 3059 272 3132 Petrus
296 3057 422 3131 Ferret
454 3057 605 3130 licerius
633 3057 827 3139 Generalis,
854 3061 887 3130 et
910 3053 1111 3132 Moderator
1138 3053 1314 3133 Generalis

76 3169 215 3260 punem
229 3169 464 3244 sodalitatun
479 3168 574 3244 intro
593 3171 778 3244 llioecesim
795 3169 1041 3262 Linponensern
1055 3189 1078 3242 a
1093 3168 1171 3243 Soc.
1186 3168 1311 3263 Canpr.

80 3281 321 3375 ludulpentiis,
349 3283 529 3374 sennan
554 3283 716 3373 Reliquus
737 3283 939 3375 praeposita
965 3281 1091 3376 expetit
1121 3283 1311 3378 responsio·

80 3411 151 3467 nent
177 3394 230 3469 ad
256 3393 429 3486 quaedam
454 3395 677 3488 infrascripta
703 3394 810 3468 dubia
822 3413 835 3484 ;
861 3394 995 3468 scilicet.

149 3505 202 3580 l.⁰
232 3505 353 3579 Utrum
380 3505 547 3581 Sacerdos
565 3509 687 3580 ilectar
705 3505 908 3580 sodalitatis
925 3507 965 3579 B.
983 3509 1030 3582 ill.
1055 3507 1087 3580 V.
1107 3501 1149 3581 de
1166 3503 1311 3580 llasario

78 3619 157 3692 alirn
182 3619 349 3694 meoniae
374 3621 505 3693 erectae
530 3621 599 3693 nae
619 3641 685 3714 per
709 3621 830 3694 Patres
854 3619 993 3695 Ordinis
1013 3619 1312 3702 Praedicatorum,

77 3731 142 3807 siae
162 3749 232 3828 per
256 3733 434 3806 indultum
458 3735 604 3826 specide
628 3733 861 3827 apostolicum
887 3731 1014 3809 labent
1039 3755 1077 3809 eo
1104 3735 1189 3830 ipso,
1221 3727 1315 3825 auad

78 3845 118 3918 sit
143 3849 271 3920 lieetor
294 3845 407 3919 dictae
432 3845 635 3920 sodalitatis
651 3847 851 3939 facultatem
870 3845 1087 3922 benedicendi
1103 3847 1264 3928 florario,
1283 3847 1317 3918 et

80 3957 216 4046 auden
229 3977 298 4052 pro
317 3958 473 4031 omnibus
493 3955 770 4051 Ciristittdelilus
787 3977 864 4031 nau
881 3959 1113 4051 applicatione
1128 3953 1313 4047 indutaru-

80 4071 220 4153 tiarum‚
250 4089 336 4160 quas
361 4071 541 4163 applicant
565 4069 648 4142 dicti
673 4071 795 4142 Patres
822 4070 960 4144 Ordinis
980 4069 1290 4144 Praedicatorunrt

149 4185 227 4256 Sao.
243 4183 465 4275 congregatio
486 4183 659 4276 respondit
683 4210 696 4245 ι
715 4181 885 4275 Negaline,
903 4183 967 4256 nisi
984 4183 1018 4256 in
1035 4181 1220 4276 Diplomate
1236 4181 1315 4255 lire-

80 4295 210 4382 clionis,
229 4295 353 4370 sivein
378 4295 511 4370 indulto
536 4296 727 4390 Apostolioo
753 4293 865 4370 addita
881 4295 924 4371 sit
940 4294 1076 4370 lacoltaa
1093 4293 1224 4369 lieetorl
1252 4309 1315 4388 pra
