3270 4920
1259 367 1328 436 lati

542 493 547 504 '
610 495 637 560 A
660 494 806 560 67666676
826 495 862 560 x.

358 591 448 656 Brevi
467 592 678 673 Redemptoris
702 590 760 654 diei
780 591 821 655 20
842 589 1009 656 Decembris
1030 589 1119 657 idid.

190 686 470 766 austudunensis
492 686 628 752 Plenaria
650 685 681 748 in
704 685 786 748 iestis
800 684 854 750 SS.
868 685 1076 750 Fundaturum
1100 685 1222 752 Ordinis
1243 685 1361 753 scilicet

108 784 141 850 S.
163 783 290 848 loannis
311 782 349 846 de
369 781 469 845 776766
491 779 534 861 (8
555 778 736 858 Februarii)
767 779 849 842 678.
871 779 980 844 Felicis
1001 779 1112 844 valesii
1133 779 1193 862 (20
1213 780 1359 864 Novem.)

106 879 147 944 iis
168 877 312 943 omuibus
334 877 387 957 qui
411 891 479 940 vere
492 876 682 958 poenitentes
696 873 835 953 confessi,
850 891 885 939 66
900 874 931 939 S.
946 874 1166 940 communione
1187 875 1291 942 reiecti
1305 877 1359 942 ali·

106 989 203 1054 6666
225 971 347 1037 Ordinis
368 969 534 1034 Ecclesiam
556 970 601 1034 vel
622 968 796 1035 Oratoriom
819 967 1005 1034 visitaverint
1018 975 1049 1034 et
1063 969 1106 1035 ibi
1125 970 1212 1050 juxta
1227 976 1359 1040 666766

107 1067 229 1134 Summi
253 1064 407 1130 pontiacis
428 1065 589 1129 oraverint.
1255 1101 1259 1108 -

603 1156 792 1222 aidicmeetc
811 1157 865 1222 Xi.

190 1255 257 1321 37.0
278 1253 472 1337 indulgentia
492 1251 641 1334 Pienaria,
662 1253 694 1318 iu
716 1252 862 1316 omnibns
881 1257 1028 1336 utsupra
1050 1253 1084 1322 iu
1105 1254 1181 1322 ivslo
1201 1253 1362 1326 Sanctissi-

108 1366 180 1418 mae
200 1350 365 1415 Trinitatis.

452 1477 470 1500 .
595 1441 622 1506 A
644 1441 791 1506 Clemente
808 1441 875 1506 ΧΠ.

104 1543 158 1610 Ec
178 1541 300 1605 Decrcto
320 1538 384 1605 Soc.
409 1535 648 1621 Conprepotionis
667 1535 929 1618 indotpentiorom
949 1535 1008 1602 diei
1030 1537 1046 1600 l
1069 1537 1249 1620 Septembris
1270 1538 1359 1604 lidi.

192 1634 259 1699 32⁰
280 1633 473 1713 indulgentia
494 1631 632 1697 Tionaria
653 1631 745 1695 etiam
765 1647 781 1694 6
803 1633 909 1713 primis
931 1632 1062 1714 vesperis
1083 1632 1144 1698 diei
1162 1632 1203 1697 28
1223 1633 1358 1716 Septem·

105 1729 173 1796 bris
189 1728 382 1794 visitantibus
395 1744 466 1792 cum
479 1725 587 1792 iisdem
608 1725 833 1790 conditionibus
848 1727 981 1806 aliquam
1003 1727 1169 1792 Ecclesiam
1190 1741 1243 1792 sau
1259 1727 1357 1811 publi·

108 1841 182 1889 cum
196 1822 370 1889 oratorium
383 1819 668 1902 Ordinis(exceptis
679 1825 779 1886 tamen
794 1820 938 1886 Ecclesiis
953 1821 1132 1888 7766761766
1141 1821 1214 1886 dicti
1226 1821 1359 1904 Ordinis,

107 1919 140 1984 76
155 1917 270 2000 quibus
284 1917 452 2000 acquiritur
464 1911 624 1980 dumtaxat
644 1932 660 1979 6
682 1916 866 1980 ilionialibus
887 1924 918 1981 et
939 1915 1237 2000 commorantibus).

647 2009 675 2074 A
696 2010 749 2074 Pio
769 2011 819 2074 tx.

152 2108 279 2174 Drobeta
299 2105 444 2172 Brooilloa
464 2105 581 2170 dicavere
603 2103 642 2168 78
661 2103 828 2168 moenaio
852 2105 933 2170 7867
955 2113 982 2169 67
1002 2106 1043 2170 26
1062 2107 1204 2172 76666677
1226 2107 1314 2172 7868.

192 2201 259 2266 33.⁰
281 2199 474 2281 indulgentia
494 2199 632 2265 Pleuaria
647 2215 663 2262 6
679 2199 785 2280 primis
807 2201 938 2281 vesperis
958 2215 1028 2264 cum
1052 2201 1159 2266 lisdem
1180 2201 1359 2267 conditioni·

104 2299 164 2364 bos
186 2303 249 2361 tam
269 2295 320 2360 die
340 2295 447 2377 quoin
462 2293 605 2359 Ecclesiis
625 2292 748 2359 Ordinis
765 2293 873 2357 testum
894 2292 1082 2359 sanctissimi
1097 2295 1305 2378 iledemptoris
1320 2295 1359 2362 de

105 2388 231 2458 licentia
246 2388 399 2456 6667766677
413 2389 593 2468 celebrator,
611 2403 703 2470 qnam
718 2387 827 2452 diebos
841 2387 1082 2470 decimoquarto
1101 2393 1214 2455 mensis
1227 2391 1362 2458 Februa·

106 2483 445 2568 &mmmmm
716 2477 719 2484 ⁴

524 2591 784 2708 musicamne
806 2645 945 2710 66666·
1055 2705 1057 2713 .

584 2767 613 2832 Α
634 2767 781 2834 lismonte
802 2769 845 2833 iii
850 2769 881 2834 V.
1136 2783 1141 2794 '

147 2867 197 2933 iic
212 2865 337 2931 Decreta
356 2863 422 2929 Soc.
445 2862 685 2947 Coaprcpolioaais
708 2863 965 2947 inimicantium
985 2864 1044 2930 diei
1062 2865 1103 2930 76
1122 2865 1208 2930 danii
1230 2865 1318 2932 7776.

187 2961 253 3026 Si?
274 2959 467 3040 indulgentia
487 2964 612 3023 eentum
633 2957 753 3023 676666
775 2960 812 3022 776
833 2959 1356 3043 666767766617666,66766666666·
1493 2944 1497 2952 ’

105 3059 178 3122 76776
199 3055 359 3120 adorantes
380 3053 608 3120 Sanctissimam
629 3053 809 3118 Trinitatem
836 3054 941 3118 devote
964 3056 1157 3120 recitaverint
1183 3056 1357 3138 'trisagium

105 3153 245 3228 Snnctacs,
260 3149 398 3225 6666766,
414 3147 542 3214 Soootos
554 3145 700 3211 Doanioro
713 3148 917 3212 exercituum:
928 3149 1019 3230 pleno
1032 3155 1076 3212 est
1090 3155 1172 3213 terre
1182 3149 1279 3232 plocio
1293 3157 1357 3217 766.

107 3245 213 3314 clorio
233 3244 329 3324 Petri,
352 3243 455 3312 Gioric
473 3243 561 3320 Dilio,
585 3241 688 3307 Gioaio
709 3243 835 3325 Spiritui
855 3242 970 3309 666676.
991 3243 1090 3308 86661
1113 3249 1232 3308 766766
1252 3245 1285 3308 76
1307 3243 1357 3309 676

104 3339 337 3424 acquirendam
358 3344 405 3403 ter
424 3353 496 3402 vero
516 3337 730 3402 lucrilacienda
745 3338 778 3402 in
801 3339 932 3420 singulis
946 3339 1022 3402 anni
1043 3338 1222 3418 Dominicis,
1236 3339 1270 3402 in
1284 3338 1359 3404 iesto

103 3445 135 3503 el
156 3435 280 3502 octiduo
306 3432 721 3510 SanctissimeoTrinitalis3
742 3433 779 3496 iis
800 3432 923 3498 demum
951 3432 1091 3497 fidelibus
1112 3433 1163 3513 qui
1187 3433 1357 3514 praelatum

104 3530 280 3611 Trisagium
299 3527 395 3592 semel
413 3527 521 3591 saltem
536 3527 566 3590 in
583 3526 633 3590 dio
647 3542 700 3608 per
714 3527 869 3608 integrum
891 3543 1029 3592 mensem
1049 3529 1177 3593 recitare
1198 3544 1253 3609 pro
1272 3542 1356 3592 more

102 3624 280 3702 habuerint,
296 3621 487 3702 induigentia
501 3621 649 3699 Tienaria,
665 3636 726 3684 666
740 3620 903 3701 cujuslibet
918 3623 1029 3686 mensis
1044 3620 1094 3685 die
1113 3619 1239 3685 arbitrio
1252 3621 1356 3684 nnius·

102 3719 258 3800 cujusquo
277 3715 429 3797 eligenda,
450 3715 483 3779 in
504 3730 563 3795 qua
585 3730 654 3778 vere
675 3715 862 3796 poenitentes
882 3717 1010 3780 conlossi
1032 3720 1062 3780 et
1080 3715 1111 3781 S.
1133 3715 1355 3779 communione

103 3813 210 3880 reiecti
231 3811 354 3889 inerint,
367 3815 398 3875 el
410 3809 546 3891 aliquam
568 3807 733 3873 Ecclesiam
747 3810 942 3889 visitaverint,
957 3811 1062 3890 ibique
1077 3827 1131 3892 per
1145 3809 1269 3890 aliquod
1284 3814 1355 3873 766·

100 3912 186 3994 poris
207 3907 341 3990 spatium
357 3905 445 3986 juxta
467 3909 599 3968 mentem
620 3903 738 3968 Summi
760 3904 915 3969 Pontificis
937 3906 1099 3970 oraverint.

197 4097 247 4161 ca
267 4095 390 4160 Decrete
409 4092 541 4174 eiosdcm
561 4090 625 4157 Soc.
647 4091 888 4176 Conprepctioaie
907 4093 966 4158 diei
985 4092 1006 4157 6
1027 4092 1156 4178 ,4666677
1176 4091 1264 4158 isan.

189 4189 256 4255 llll.⁰
278 4188 469 4271 indulgentia
484 4191 600 4270 septem
614 4203 763 4252 6666666
784 4188 969 4270 totidemque
983 4187 1249 4270 quadragenarum
1262 4187 1356 4253 semel

104 4287 137 4354 iu
163 4283 303 4367 quolibet
332 4283 383 4350 die
403 4281 520 4362 Tridui,
541 4285 594 4347 aul
614 4281 817 4363 Noveudialis,
838 4283 920 4364 qood
941 4283 1004 4348 sive
1024 4283 1157 4366 publice,
1177 4281 1241 4348 sire
1260 4281 1355 4365 priva·
