3214 4928
798 359 992 426 ...16-

283 505 353 574 tate
376 493 454 582 ulla,
480 489 615 580 Ordine,
640 493 919 586 congregatione,
946 493 1110 568 societate
1126 493 1225 567 etlam
1242 493 1322 566 lesu
1338 491 1510 586 capitulo,

280 612 336 688 nel
359 615 456 684 noeto
481 625 714 700 quocumque,
740 606 794 679 uel
819 608 861 680 ab
889 624 1008 680 eorum
1032 605 1247 692 Officialibns,
1273 604 1513 698 Superioribus

281 724 421 816 aliisque
445 721 614 815 personis,
640 721 693 793 vel
725 739 870 813 persona
902 719 1034 792 etiamsi
1059 737 1175 792 earum
1201 719 1254 791 vel
1279 719 1353 810 ejus
1383 715 1513 790 mentio

281 835 437 934 specialis
460 840 494 908 et
518 831 688 906 individua
713 831 864 906 iacienda
888 837 988 916 esset,
1015 831 1078 903 nisi
1104 831 1226 904 tuerint
1246 829 1368 903 deinde
1393 831 1516 902 Roma·

281 951 317 1022 ui
343 944 512 1022 Pontlllcis
537 946 729 1019 auctoritate
754 945 931 1017 innovatae
957 949 1013 1016 aut
1038 941 1264 1028 confirmatae,
1290 942 1413 1016 nulllus
1434 958 1514 1014 esse

280 1059 423 1143 roboris,
450 1064 485 1133 ct
508 1058 670 1131 momenti
689 1057 813 1149 paritor
839 1055 994 1128 declarat.

355 1172 458 1245 Porro
485 1169 674 1244 summaria
697 1169 983 1260 indulgentiarum
1009 1187 1071 1262 pro
1104 1168 1423 1261 congregationibus
1449 1167 1515 1236 bo·

282 1285 407 1358 atricae
432 1282 651 1363 Christianae,
677 1281 1010 1354 confraternitatibns
1028 1281 1264 1354 Sanctissimae
1288 1279 1454 1352 Trinitatis
1479 1285 1516 1350 et

282 1395 533 1488 Redemptionls
559 1393 785 1485 Captivorum,
810 1393 961 1466 Nominis
987 1395 1062 1478 Del,
1088 1393 1234 1487 Rosarii,
1260 1395 1297 1464 B.
1322 1391 1444 1466 Mariae
1469 1389 1516 1460 de

281 1507 445 1590 Mercede,
472 1512 504 1578 et
520 1505 773 1598 Redemptionis
790 1505 1016 1598 captivorum,
1035 1507 1071 1578 B.
1089 1507 1211 1579 llariae
1236 1505 1278 1578 de
1304 1506 1415 1578 Monte
1432 1503 1515 1574 Car-

282 1619 381 1704 melo,
407 1619 582 1692 Cinctnrae
608 1618 642 1689 S.
669 1617 847 1708 Augustini
863 1625 897 1691 et
914 1617 948 1690 S.
965 1618 1127 1703 blonicae
1153 1619 1218 1690 nisi
1236 1618 1278 1690 ab
1296 1616 1414 1690 eadem
1427 1615 1517 1688 con·

283 1731 473 1821 gregatione
498 1729 666 1820 recognita
692 1747 760 1802 non
785 1729 1033 1821 permittuntur.

355 1841 581 1933 indulgentias
606 1859 688 1914 vero
713 1841 901 1915 suttonam
926 1842 1036 1928 Urbis,
1063 1861 1150 1934 quae
1175 1862 1196 1915 a
1219 1841 1380 1916 Romanis
1404 1840 1518 1914 Ponti-

283 1951 414 2036 llcibns,
440 1952 599 2044 singulari
625 1951 770 2044 quodam
796 1953 961 2027 beneficio
986 1955 1040 2027 vel
1056 1954 1320 2027 communicatae
1343 1960 1433 2036 sont,
1459 1953 1516 2025 vel

282 2063 618 2164 communicabuntur
643 2063 823 2150 interdum,
849 2067 1017 2158 aliquibus
1033 2067 1141 2151 Locis,
1159 2065 1352 2151 Ordinibus,
1371 2071 1427 2138 aut
1438 2082 1518 2156 per-

281 2177 392 2261 sonis,
417 2174 538 2250 diebos
563 2177 910 2252 tantumstationum
935 2179 971 2251 in
995 2179 1119 2253 blissali
1151 2179 1304 2252 Romano
1336 2176 1516 2269 desumptis

282 2288 455 2380 sullragari
478 2305 582 2381 posse
606 2286 774 2362 declarat:
799 2289 907 2363 semol
926 2295 1038 2363 autem
1056 2289 1230 2363 dumtaxat
1254 2290 1289 2363 in
1315 2288 1370 2362 dle
1395 2288 1514 2361 Plena·

281 2399 367 2473 riam
391 2398 636 2493 indulgentiam
661 2401 695 2474 in
721 2407 831 2476 mulos
856 2400 929 2475 dies
945 2402 1129 2476 Ecclesiam
1150 2401 1361 2476 visitantibus
1378 2417 1516 2474 conces·

282 2529 358 2587 sam
384 2513 437 2586 vel
462 2512 552 2587 aliud
576 2514 670 2607 pium
696 2532 782 2607 opus
808 2513 1056 2608 peragentibus,
1082 2515 1249 2589 lucrifieri.

840 2711 957 2786 XVIII.

357 2845 443 2922 cnm
477 2848 671 2942 exposuerit
702 2851 899 2925 Procurator
932 2851 1104 2927 Generalis
1133 2852 1268 2928 ordinis
1300 2850 1514 2928 llinimorum

283 2957 318 3032 S.
344 2957 517 3034 Franclsci·
535 2959 577 3034 de
602 2961 701 3034 Paula
727 2963 851 3036 multos
876 2963 1028 3038 dubitare
1060 2985 1104 3038 an
1135 2965 1363 3057 Indulgentiae
1388 2965 1513 3038 Tertia·

283 3091 398 3146 rorum
422 3071 556 3146 Ordinis
581 3072 709 3146 ualidae
734 3075 801 3147 sint
825 3082 902 3170 post
917 3077 1097 3150 Decretum
1122 3076 1166 3150 de
1190 3076 1281 3149 falsis
1298 3076 1514 3168 apocryphis-

284 3201 351 3276 quo
383 3183 600 3276 indulgentiis
632 3183 687 3258 dle
714 3190 733 3257 7
760 3188 868 3262 llartii
899 3189 1068 3280 praeteriti
1093 3188 1135 3262 ab
1161 3189 1225 3262 hac
1250 3187 1515 3280 congregatione

283 3295 399 3380 latum,
426 3295 519 3385 quod
534 3296 568 3368 in
586 3315 627 3369 ec
648 3298 855 3389 gestantibus
880 3299 1066 3374 ianiculum
1092 3301 1126 3374 S.
1154 3300 1319 3374 Francisci
1344 3296 1387 3372 de
1413 3299 1514 3373 Paula

283 3423 464 3479 concessae
478 3406 706 3498 indulgentiae
720 3410 943 3498 nominantur,
967 3413 1093 3486 Eadem
1108 3413 1181 3485 Sao.
1200 3411 1419 3504 congregabo
1435 3429 1513 3503 pre-

284 3517 379 3590 cibus
405 3516 551 3591 Oratoris
578 3537 730 3594 annuens
763 3520 908 3595 declarat
936 3525 1162 3614 (quamquam
1187 3523 1279 3596 nulla
1303 3539 1383 3595 vera
1407 3524 1514 3614 possit

284 3645 361 3700 esse
377 3625 555 3718 debltatlo)
572 3629 797 3724 Indulgentias
814 3633 1048 3706 Tertiariomm
1065 3633 1198 3707 illomm
1215 3653 1234 3706 a
1250 3633 1408 3706 Romanis
1426 3633 1512 3706 Pon·

283 3737 428 3812 tiliclbns
454 3757 644 3826 concessas,
670 3761 731 3834 per
754 3743 824 3835 iam
849 3744 974 3817 dictum
999 3745 1178 3820 Decretum
1195 3745 1335 3820 minime
1352 3745 1511 3818 reuocari

356 3849 478 3924 Datum
504 3852 631 3927 Romae
657 3852 711 3929 die
737 3861 758 3926 t
785 3855 860 3930 lolii
889 3861 995 3930 l678.

998 4085 1040 4158 Α.
1067 4085 1170 4159 Cttib.
1198 4087 1387 4159 llouonnns.

878 4192 1026 4272 Micltuel
1051 4198 1200 4292 Iapetus
1226 4197 1359 4278 bicotus
1385 4196 1508 4272 sacrm
