3182 4922
1269 191 1298 236 0

631 345 849 410 -t‘ltt-

131 486 244 578 scripto
270 482 423 576 ejusdam
448 483 522 554 Sao.
549 463 823 572 congregationis
849 479 1032 554 Secretario
1049 481 1083 554 lu
1099 480 1277 555 tumentia
1292 482 1358 556 sub

131 597 179 670 die
202 597 307 689 prima
332 593 502 668 Februarii
524 593 688 666 currentis
714 593 792 665 anni
816 592 964 676 indulsit,
990 599 1027 666 ut
1052 592 1159 665 firmis
1184 613 1359 668 remanen-

130 709 210 782 tibus
234 707 517 780 Concessionibus
534 705 729 788 enuncians,
747 723 866 778 omnes
890 705 1065 796 utriusque
1089 724 1194 778 senus
1219 707 1357 780 Christi·

130 821 236 894 lideles
261 819 505 910 indulgentiam
531 818 719 890 Plenariam
733 818 768 889 in
788 818 928 909 singulis
954 819 1227 909 praememoratis
1253 821 1357 892 conti·

128 933 278 1004 uentibus
295 929 476 1003 Dominicis
493 947 707 1020 quocumque
724 929 803 1001 anni
819 936 969 1021 tempore
986 929 1029 1004 ad
1046 930 1175 1002 libitum
1196 931 1359 1022 eligendis

128 1044 238 1115 lucrmi
264 1043 407 1135 possint
434 1049 467 1114 ot
492 1041 641 1129 valeant;
667 1059 705 1114 ea
731 1047 844 1114 tamen
869 1041 1019 1132 apposita
1044 1040 1244 1127 conditione,
1261 1049 1299 1116 ut
1323 1043 1359 1116 iu

127 1173 324 1247 unaquaque
340 1154 521 1238 ponimns,
536 1153 719 1244 praemissa
738 1152 983 1244 praedictarum
1000 1171 1138 1246 precum
1156 1154 1357 1240 recitatione,

127 1284 198 1338 rere
222 1267 434 1358 poenitentes
459 1265 614 1348 conlessi,
641 1283 679 1336 ac
697 1266 730 1336 S.
757 1265 963 1338 Eucharistia
989 1265 1111 1349 relecti,
1134 1267 1278 1358 aliquam
1295 1269 1358 1341 Ec·

128 1378 266 1462 clesiam,
284 1395 347 1450 seu
363 1377 533 1474 publicum
560 1376 748 1450 oratorium
765 1376 909 1460 visitent,
928 1383 961 1448 et
977 1377 1022 1450 ibi
1048 1395 1108 1469 per
1125 1377 1262 1469 aliquod
1278 1385 1360 1452 tem·

127 1491 209 1581 poris
225 1489 373 1582 spatium
383 1485 478 1581 juxta
495 1495 643 1562 menum
661 1487 849 1562 sanctitatis
866 1489 954 1560 Suae
972 1489 1043 1581 pias
1061 1489 1103 1562 ad
1120 1491 1227 1564 Deum
1240 1509 1358 1582 preces

126 1601 309 1692 elinndant3
335 1601 418 1673 iacta
443 1602 581 1693 insuper
606 1606 768 1693 potestate
793 1599 930 1674 casdem
947 1601 1115 1675 Plenarias
1132 1601 1358 1693 indulgentias

127 1713 298 1788 animabus
323 1713 359 1784 in
384 1713 578 1804 Purgatorio
603 1711 747 1786 detentis
771 1711 968 1804 applicandi.
986 1714 1029 1786 iis
1050 1732 1131 1786 vero
1156 1713 1359 1787 cbristiflde

125 1824 205 1898 llbos
229 1824 401 1918 praedicta
425 1824 588 1915 obsequia
605 1824 744 1897 recitare
759 1823 999 1908 nescientibus,
1018 1843 1056 1897 ac
1072 1826 1113 1897 iis
1138 1827 1172 1898 in
1198 1825 1279 1898 locis
1299 1825 1358 1899 nbi

125 1938 250 2028 publice
277 1955 348 2014 non
371 1943 586 2030 peraguntur,
613 1936 730 2010 eadem
748 1936 912 2008 Sanctitas
929 1938 1007 2021 Sua,
1025 1937 1145 2010 iisdem
1171 1939 1359 2032 supplican-

126 2050 207 2123 tibus
232 2049 440 2134 Oratoribus,
458 2049 493 2121 in
509 2049 655 2142 praelata
680 2048 857 2121 audientia
874 2049 938 2122 diei
965 2056 1010 2120 22
1028 2051 1135 2122 liartii
1152 2070 1359 2144 supraenun·

125 2162 217 2235 ciatas
234 2161 463 2253 indulgentias
479 2162 551 2254 pari
566 2161 770 2252 benignitate
786 2161 961 2245 concessit,
980 2161 1174 2246 dummodo,
1192 2164 1267 2242 sola
1283 2183 1358 2256 pre·

125 2291 194 2348 cum
219 2275 415 2348 recitatione
439 2275 575 2358 omissa,
601 2274 740 2346 caeteris
765 2281 876 2346 tamen
894 2275 1051 2364 injunctis
1077 2274 1235 2366 operibus
1255 2275 1358 2350 adlm-

124 2386 224 2476 pletis,
251 2395 384 2478 septem
410 2392 539 2458 mutum
564 2387 681 2466 Potor,
708 2386 789 2466 Ace,
816 2391 849 2456 ct
877 2386 998 2457 Gloria
1021 2390 1083 2458 etc.
1104 2386 1138 2457 in
1154 2405 1357 2478 unaquaque

124 2517 161 2570 us
174 2498 353 2590 praedictis
370 2504 499 2589 septem
512 2497 694 2570 Dominicis
707 2495 827 2569 devote
840 2497 988 2569 recitent.
1003 2499 1173 2572 Praesenti
1188 2501 1356 2591 perpetuis

125 2611 235 2683 lutnris
260 2610 472 2702 temporibus
497 2610 638 2684 valituro
664 2609 793 2700 ubsque
818 2609 885 2681 ulla
909 2609 1021 2682 breuis
1047 2610 1269 2702 expeditione.

188 2724 311 2796 Datum
328 2723 453 2794 Romae
479 2740 523 2793 cx
548 2721 730 2794 secretaria
748 2720 900 2811 ejusdem
926 2722 1047 2796 Sacrae
1072 2721 1354 2814 indulgentiarum

124 2831 391 2926 congregationis
417 2832 473 2906 die
499 2837 544 2903 22
570 2832 677 2906 biartil
706 2838 810 2906 iiiii.

324 2945 327 2950 ’
826 2946 861 3019 C.
889 2947 993 3020 Clau.
1021 2947 1134 3019 Acron
1160 2949 1283 3022 Pater.

890 3060 919 3130 l.
949 3058 1049 3132 dotto
1077 3059 1199 3131 secret.

671 3253 797 3326 DXCll.

510 3397 734 3452 ttottifflttiit
759 3397 962 3452 t'tstrtrtottit

188 3505 428 3578 sanctissimus
453 3504 616 3576 Dominus
640 3505 760 3578 Noster
785 3505 864 3578 Pius
890 3506 951 3578 PP.
978 3507 1024 3578 iii
1049 3505 1208 3598 precibus
1234 3504 1357 3578 ilionia·

120 3614 195 3688 lium
219 3617 427 3689 visitationis
444 3614 486 3688 de
502 3615 592 3688 Urbe
618 3617 801 3688 clementer
826 3618 985 3708 exceptis,
1004 3615 1151 3700 indulsit,
1174 3623 1212 3688 ut
1236 3633 1355 3688 omnes

121 3729 322 3819 etsingulas
347 3725 585 3818 indulgentias,
603 3734 637 3800 et
653 3729 826 3820 Pririiegia
850 3729 1026 3822 bucusque
1052 3746 1212 3802 concessa
1236 3727 1356 3800 lucrari

120 3841 245 3928 possint
270 3845 303 3912 et
328 3840 458 3912 valeant
482 3839 653 3924 bioniales,
671 3846 704 3913 et
721 3848 965 3914 commorantes
982 3842 1016 3914 ln
1037 3841 1177 3932 singulis
1203 3839 1355 3930 ejusdem

122 3949 199 4024 tituli
224 3952 429 4024 Visitatiouis
455 3951 606 4043 eiusdem
632 3953 770 4026 instituti
796 3954 973 4027 Asceteriis
999 3971 1059 4046 per
1076 3953 1201 4025 Orbem
1226 3951 1354 4026 diliusis

121 4061 310 4147 existentes,
328 4061 478 4154 exceptis
504 4068 617 4136 umen
633 4082 694 4155 pro
712 4064 996 4138 commorantibus
1013 4063 1249 4156 indulgentias,
1267 4083 1355 4156 quae

121 4175 248 4266 propria
273 4180 351 4248 snut
376 4174 568 4248 lionialium
594 4176 628 4248 in
655 4176 837 4250 vestitione
869 4194 1003 4269 nempe,
1038 4176 1258 4262 Prolessioue
1291 4194 1355 4250 seu

122 4283 276 4363 tuorum
302 4287 518 4362 renovatione
544 4293 606 4364 etc.
632 4290 773 4383 insuper
799 4289 963 4365 concessit
992 4309 1105 4366 aarum
1134 4287 1353 4366 Conlessariis
