3214 4928
793 356 985 424 ...54-

272 496 446 589 iigendum
471 499 600 567 tentum
625 493 668 565 sit
693 510 754 585 pro
778 491 947 564 Aitaribns
974 497 1053 564 tunc
1078 492 1214 577 erectis,
1243 492 1296 566 vel
1321 493 1420 566 etiarn
1446 512 1511 586 pro

273 608 441 682 Altaribus
466 608 502 679 in
526 611 700 700 posterum
730 603 920 696 erigendis:
947 604 1020 674 Sao.
1047 604 1267 696 congregatio
1291 603 1512 698 indulgentiis

272 723 453 814 sacrisque
478 719 638 812 Reliquib
663 717 854 810 praeposita
878 716 1023 790 instante
1039 735 1100 810 pro
1121 717 1326 790 resolutione
1350 717 1511 812 praedicti

274 833 368 911 dubii
393 835 430 909 R.
458 833 494 906 P.
520 832 559 914 D.
586 831 683 902 Petro
707 827 753 902 de
779 827 899 920 Zegbis
929 828 1145 902 Procuratore
1177 829 1333 904 Generab
1355 830 1513 924 eiusdem

274 945 420 1037 Ordinis,
445 943 510 1018 sub
537 941 590 1018 die
619 947 634 1023 t
665 941 818 1014 Octobris
847 944 940 1012 1735
959 941 1100 1026 censuit,
1118 940 1324 1034 praedictum
1341 941 1514 1030 Induttrun

274 1059 563 1156 comprobendere
579 1064 647 1130 tem
664 1056 798 1140 Attente,
812 1073 900 1146 quae
912 1061 993 1132 tunc
1005 1055 1258 1148 reperiebantur
1271 1063 1391 1144 erecte,
1409 1077 1515 1152 quern

274 1175 508 1268 inposterum
531 1167 702 1261 erigenda.
728 1169 771 1242 Et
795 1167 881 1240 tacta
905 1166 949 1243 de
980 1169 1175 1262 praemissis
1205 1169 1423 1247 sanctissimo
1449 1172 1515 1244 Dc-

274 1285 367 1364 mino
393 1284 552 1358 relatione
568 1300 630 1376 per
646 1299 702 1356 mo
718 1279 966 1374 infrascriptum
984 1279 1205 1356 secretarium
1223 1281 1288 1356 sub
1307 1282 1364 1362 die
1382 1289 1402 1353 5
1420 1284 1513 1376 ojus-

275 1396 355 1485 deut
379 1396 506 1477 mendo
531 1394 685 1472 Octobris
710 1392 874 1469 sancius
900 1393 968 1466 Sue
993 1391 1139 1484 benigue
1165 1393 1371 1486 approbavit.

608 1507 645 1591 L.
672 1507 851 1583 Errsccrus
876 1505 1081 1582 Auenunnsrs
1108 1506 1211 1580 Coun.
1239 1509 1336 1582 Prons
1362 1509 1485 1582 Putes.

688 1620 837 1694 loannes
860 1617 1142 1712 Arcbiepiscopus
1171 1620 1251 1712 Tprr·
1277 1621 1400 1696 secret

820 1815 968 1890 LXXXI.

347 1963 402 2038 An
419 1957 791 2051 ebroicacensem
814 1961 986 2050 competet
1008 1957 1157 2051 [modos
1174 1957 1393 2052 impertiendi
1407 1962 1515 2042 Beon-

276 2075 460 2151 dc'ctr'ocerrr
484 2072 653 2165 Perpetem
678 2072 778 2149 certis
804 2069 921 2149 diebus
946 2069 1087 2144 concedi
1111 2072 1275 2147 seticum?
1363 2057 1368 2068 '

349 2188 452 2268 Socra
477 2185 698 2278 congregatio
723 2184 790 2260 diei
817 2191 837 2258 t
870 2184 1042 2258 Februarii
1078 2189 1171 2258 {736
1205 2186 1379 2279 respondIt
1401 2215 1414 2252 r
1439 2186 1515 2266 Non

275 2306 468 2394 competere
493 2297 610 2372 Ordini
641 2298 676 2371 S.
710 2297 887 2389 Augustini
918 2297 1107 2372 incultntenn
1139 2299 1351 2392 impertiendi
1376 2300 1516 2377 Benedi-

275 2415 423 2499 ctiouoro
448 2412 616 2508 deputent,
643 2417 677 2486 et
701 2411 892 2487 inhibentur
917 2429 957 2483 ea
982 2410 1142 2504 deinceps
1167 2441 1202 2484 ».

816 2608 978 2681 LXXXII.

351 2753 425 2824 Sao.
453 2749 672 2840 congregatio
698 2748 916 2841 indulgentiis
942 2756 976 2823 ct
1000 2749 1110 2820 Sacris
1136 2748 1297 2841 Retiqniis
1326 2751 1517 2843 praeposito

276 2866 341 2939 snb
367 2863 421 2936 die
449 2869 469 2933 t
496 2861 666 2936 Februarii
697 2866 791 2934 trec
818 2862 950 2936 censuit
974 2860 1212 2954 indulgentias,
1239 2862 1363 2954 quibus
1396 2863 1518 2938 irnitur

276 2975 496 3070 congregatio
522 2974 766 3047 canonicorum
784 2973 998 3065 Regulariurn
1016 2973 1149 3046 Ordinis
1167 2976 1201 3047 S.
1218 2974 1411 3068 Augustini,
1429 2977 1519 3050 Con-

275 3090 477 3185 gregnttonis
502 3087 711 3164 sanctissimi
737 3087 917 3160 saluatoris
944 3087 1176 3162 erundendes
1202 3107 1278 3162 esse
1303 3088 1346 3160 ed
1371 3089 1519 3182 Congre-

275 3205 446 3297 gotiouecn
470 3201 716 3284 dampnorum
741 3199 957 3290 Regulorinm
983 3201 1018 3274 S.
1045 3199 1148 3287 liudi,
1175 3199 1359 3279 dummodo
1384 3203 1519 3278 Institu-

276 3324 350 3398 tgm
373 3313 529 3407 ejudem
554 3315 589 3387 S.
615 3312 793 3403 Augustini
809 3312 1015 3405 profitentur.
1034 3314 1074 3394 Et
1092 3314 1176 3388 tecte
1192 3313 1236 3388 de
1258 3313 1438 3408 praedictis
1455 3336 1519 3410 per

277 3449 333 3503 nne
359 3426 605 3519 infrascriptum
631 3424 853 3498 secretarium
880 3426 1097 3500 sanctissimo
1122 3427 1264 3499 Domino
1288 3427 1408 3504 Nostro
1433 3429 1518 3502 reln-

279 3542 369 3622 tiono
393 3540 459 3621 snb
483 3537 538 3624 die
563 3543 610 3622 εἰ
637 3537 717 3612 dicti
733 3539 861 3613 rnerrsis
877 3539 1041 3614 Snncdtns
1058 3541 1125 3616 Suo
1141 3541 1287 3633 benigno
1307 3541 1517 3635 approbavit.

598 3651 638 3723 A.
666 3652 712 3724 Μ.
740 3652 835 3724 Erbo
861 3654 1126 3727 Protonotnrr'ns
1150 3654 1364 3746 Apostolicus
1391 3657 1517 3728 Secret.

810 3851 986 3927 LXXXIII.

352 3989 464 4074 Quurn
490 3993 568 4080 post
599 3989 849 4084 expeditionem
883 3987 1134 4080 privilegiorum
1165 3988 1328 4066 Attnrium
1359 3992 1395 4068 in
1427 3991 1519 4068 Urbe

276 4102 399 4177 tactem
424 4102 541 4181 Brona
566 4101 768 4197 Apostoiion,
787 4101 964 4194 inquibus
987 4121 1105 4176 eorurn
1126 4105 1299 4180 concessio
1316 4106 1519 4192 continetur,

280 4213 462 4300 orditionis
487 4217 648 4302 locorum,
675 4222 713 4293 ut
737 4235 797 4308 pec
823 4221 885 4300 est,
903 4216 1054 4293 nonoutti
1072 4225 1286 4308 praesentare
1298 4219 1517 4312 negttgerent,

280 4334 314 4402 et
337 4328 563 4411 debeobmnt
587 4347 705 4404 eorum
730 4328 976 4415 executionem,
997 4329 1098 4405 Socra
1115 4331 1199 4416 boec
1214 4331 1435 4424 congregatio
1451 4333 1519 4408 sub
