3182 4922
610 348 826 412 -305-

177 479 245 550 Sec.
272 479 489 575 congregatio
514 482 685 574 repandit
709 479 942 556 «seruandum
959 481 994 553 in
1011 481 1174 576 omnbus
1192 498 1331 558 consue·

113 585 250 663 tudinem
266 599 392 686 retque
415 594 460 668 ite
485 593 630 671 decrevit
654 593 708 669 die
735 599 792 668 31.
818 593 962 706 tremui
990 597 1094 668 1848.

675 788 754 894 lici.

601 938 831 994 cansnrnnrnn.
1237 993 1241 1002 ,

168 1042 330 1136 lasepbus
357 1045 485 1120 Gilbcrt
509 1046 686 1138 Presbyter
712 1045 903 1120 oenomaus
927 1043 1135 1118 bonorarius
1156 1044 1326 1124 Ecclesiae

109 1151 362 1230 constantiensis
386 1157 589 1231 Provinciae
614 1156 859 1249 iialbamaqen.
874 1157 911 1229 iu
938 1157 1054 1231 Gallia
1081 1158 1244 1250 Superior
1264 1157 1329 1230 bli-

106 1265 190 1338 uaris
215 1269 401 1342 seminarii
433 1270 633 1344 Mamoillae
657 1271 695 1342 irr
720 1267 840 1342 eadm
874 1269 1026 1344 Diaecesi
1050 1290 1074 1344 a
1101 1271 1177 1344 Suc.
1206 1268 1329 1360 Carrqr.

107 1378 233 1464 quaerit
258 1380 338 1452 «Au
363 1380 535 1470 quaedam
559 1381 720 1474 speciales
746 1399 861 1473 preces
887 1379 1109 1472 quotidianae
1133 1381 1201 1454 sint
1224 1397 1332 1453 neces·

105 1489 189 1560 suria
220 1489 423 1564 recitandae
453 1491 502 1566 ad
527 1491 728 1566 obtinendas
753 1492 988 1586 lurlulqerrtias
1015 1511 1109 1584 ,qurw
1134 1512 1158 1564 a
1184 1492 1332 1564 Summis

106 1599 317 1694 Pontificibus
341 1603 666 1695 fueruatcancessae
693 1603 874 1679 sedatiores
901 1605 1211 1700 Canqreqatianurc
1228 1602 1270 1676 de
1289 1605 1330 1676 B.

105 1710 145 1782 ll.
177 1713 207 1784 V.
233 1713 303 1788 rite
327 1715 561 1790 institutorem
580 1717 616 1789 ire
634 1717 801 1809 Calleqiiu
820 1723 852 1790 et
869 1719 947 1792 aliis
965 1719 1046 1791 lauis
1071 1723 1133 1791 etc.
1155 1713 1332 1790 llaruauae

109 1821 369 1916 unqreqatiarri
394 1829 678 1902 uuuaciatarum.
697 1829 798 1903 ilatio
816 1828 911 1902 dubii
937 1830 974 1902 iu
999 1848 1037 1902 ea
1062 1830 1225 1903 statrritur
1242 1826 1334 1920 quad

107 1931 295 2025 launnadi
314 1958 433 2031 preces
448 1959 519 2013 aare
535 1940 718 2014 uideantur
742 1942 914 2032 requirere
930 1944 1076 2015 Decreta
1094 1940 1135 2014 de
1152 1941 1334 2033 ludulqen-

106 2046 154 2119 tiis
177 2067 270 2140 quae
294 2057 372 2124 sunt
397 2054 435 2126 iu
462 2053 788 2148 Carrqrequtiauibus
813 2054 1231 2147 Apostoliaaauctaritate
1257 2072 1335 2128 cou-

105 2165 235 2236 uuae?

170 2275 243 2348 See.
275 2275 495 2370 congregatio
520 2278 632 2352 habitu
657 2277 711 2352 dia
738 2283 795 2351 bl.
821 2279 964 2352 tannarii
1000 2283 1094 2351 i8i8
1130 2279 1165 2350 in
1193 2276 1334 2351 AEdibus

105 2385 300 2478 bpaswliuis
326 2389 549 2476 Quirinalibus
574 2390 770 2484 respondit«
787 2390 849 2464 Ubi
873 2391 983 2464 nullae
1008 2397 1087 2464 sunt
1111 2390 1335 2482 praescriptae

106 2515 215 2588 preces
242 2499 459 2592 quotidianae
484 2501 527 2574 ad
552 2503 706 2576 enectum
731 2501 881 2575 lucrandi
905 2501 1141 2594 indulgentius,
1179 2519 1247 2576 nan
1286 2505 1335 2574 le·

103 2618 219 2686 nentur
244 2611 490 2690 Christiiideles
515 2612 559 2687 ari
582 2615 710 2706 aliquas
736 2613 972 2688 determinatus
997 2612 1193 2690 recitandas.

676 2809 771 2885 ocii.

644 2955 800 3012 recussu.
905 3009 910 3016 .

168 3063 372 3138 &albarae
384 3065 490 3137 Pater
509 3089 521 3124 ι
534 3065 704 3154 Auqustus
720 3063 846 3137 Daniel
868 3062 1112 3156 Viceparacbus
1125 3061 1167 3136 de
1182 3063 1230 3135 Sl.
1244 3061 1336 3136 liau-

99 3173 175 3262 pire
200 3176 372 3250 Diaecesr‘s
402 3175 602 3256 l’alasanae,
629 3173 803 3248 bumiliter
822 3176 988 3266 proponit
1017 3193 1135 3248 casum
1160 3173 1337 3266 infrascri-

96 3289 238 3374 pron».
268 3287 347 3361 ‹Au
373 3287 513 3378 quanda
538 3281 725 3378 requiritur
751 3287 964 3380 Sacrificium
981 3287 1104 3360 Midae
1128 3303 1192 3377 pra
1223 3283 1337 3356 ludul-

101 3400 212 3486 qentiu
239 3398 426 3481 lucranda,
452 3399 558 3474 Missa
578 3399 688 3492 pessit
713 3399 829 3491 affari
854 3418 924 3492 pra
953 3417 1034 3480 uua,
1061 3401 1093 3472 el
1117 3393 1338 3487 ludulqentia

100 3511 271 3603 applicari
293 3531 360 3605 pra
386 3511 562 3585 atuor».

171 3623 248 3698 sae.
267 3623 489 3715 congregatio
506 3623 572 3697 sub
589 3622 643 3698 die
661 3628 718 3696 ul.
736 3623 881 3696 lunensii
901 3627 1005 3696 iliis.
1036 3621 1184 3696 «Audita
1201 3635 1337 3712 quoque

101 3751 166 3807 una
190 3755 236 3810 ex
264 3736 417 3829 ejusaem
443 3734 519 3810 Sua.
546 3734 818 3828 congregationis
843 3734 1097 3808 consultoribus
1131 3728 1339 3824 responden·

101 3843 178 3920 dum
205 3867 285 3922 esse
311 3851 472 3924 censuit»
501 3848 773 3922 communicetur
790 3847 919 3920 Oretani
938 3853 1051 3919 vatum
1069 3842 1286 3918 consulturis.

176 3961 298 4034 Vatum
326 3961 547 4036 Carrsultaris.
566 3961 698 4031 ¹«lianc
724 3956 879 4032 earudem
905 3957 1135 4050 quaestionem
1159 3955 1339 4030 enuclean-

103 4067 183 4144 rlam
221 4073 288 4146 sibi
315 4074 483 4167 proponit
516 4071 726 4144 acauno
742 4071 790 4142 P.
815 4071 962 4143 loannes
995 4067 1190 4148 Gabalum,
1216 4065 1342 4148 seilicet

102 4201 149 4254 arr
171 4183 407 4278 ludulqentia,
426 4189 460 4260 el
477 4183 691 4276 &cadalum
705 4179 814 4254 diuidi
831 4182 982 4271 queant?
1006 4177 1196 4270 Respondet
1213 4193 1340 4250 aeuum

105 4299 310 4384 quaestionis
333 4297 483 4393 pendae
509 4315 553 4372 eu
577 4295 687 4368 uerbis
712 4291 852 4369 indulti.
872 4293 909 4368 Si
925 4290 1100 4368 indultum
1125 4291 1256 4364 cantet:
1283 4285 1343 4377 qui
