3164 4926
783 326 1001 396 -tta-

274 465 316 539 u.
340 469 431 540 rotro
457 463 492 538 S.
520 463 654 537 &toan
678 461 717 536 N.
734 479 935 554 numquam,
960 463 997 535 S.
1021 460 1194 536 saoch.
1220 459 1305 534 mibi
1328 462 1369 535 V.
1395 479 1510 550 anua,

275 579 310 651 S.
336 582 414 653 sont
437 577 481 652 hl.
507 577 604 648 analo
628 576 668 661 Q.
694 593 781 666 qaae
806 575 842 646 L.
861 575 949 649 libas
968 573 993 648 l.
1012 575 1091 668 ipse,
1109 576 1148 648 V.
1166 593 1306 660 cauma,
1328 576 1364 648 B.
1383 576 1510 666 athos,-

275 689 309 761 in
335 689 421 762 linea
447 689 519 781 ojus
544 693 633 759 recta
658 686 694 759 C.
723 687 817 762 &aa
842 687 876 758 S.
896 689 1024 760 Sancto
1048 687 1082 759 S.
1108 686 1152 762 sit
1175 687 1219 760 N.
1244 685 1330 760 anibi
1353 687 1390 759 L.
1416 689 1511 778 lam‚·

273 801 309 874 in
333 802 465 874 inversa
491 818 570 872 vero
595 799 634 872 N.
661 818 730 872 aon
758 801 797 872 Ι).
824 801 940 872 Draco
965 800 1000 872 S.
1026 800 1070 873 sit
1093 799 1136 874 N.
1166 797 1251 874 mibi
1275 801 1314 872 b.
1341 799 1438 890 daa;
1462 821 1510 876 ac

273 913 410 986 demum
436 913 471 985 in
497 918 640 1003 quatuor
656 910 825 989 lateribus,
842 910 879 984 C.
899 912 993 984 Gran
1013 911 1047 985 S.
1066 911 1184 985 Sancti
1200 912 1236 986 P.
1253 912 1369 986 Patris
1384 914 1419 986 E.
1439 915 1511 988 Be·

272 1025 426 1099 maioli»
445 1024 630 1117 respective
655 1022 880 1116 significantes
906 1022 1150 1116 exprimuntur,
1175 1023 1364 1097 facultatem
1392 1025 1510 1118 priva-

272 1138 339 1211 tive
364 1136 583 1212 benedicendi
608 1136 753 1228 henigne
779 1137 953 1210 concessit.
979 1135 1105 1211 Eadem
1121 1153 1201 1210 vero
1215 1135 1422 1210 Numismata
1439 1157 1509 1231 per

270 1249 434 1324 hhhatem
461 1255 678 1340 maurosque
703 1249 883 1324 Nonachos
908 1248 1074 1342 praelatos
1099 1267 1160 1342 pro
1184 1254 1335 1342 ternpore
1352 1250 1508 1324 existam

270 1367 321 1434 tes
346 1359 521 1435 benedicta
546 1360 772 1453 spiritualibus
798 1359 909 1451 gratiis
942 1379 982 1433 aa
1011 1361 1210 1435 coelestibus
1234 1361 1402 1436 Ecclesiae
1426 1363 1507 1438 the-

269 1473 377 1548 sauris
402 1472 588 1566 specialiter
612 1471 772 1564 insignire
796 1473 923 1558 volens,
941 1472 1098 1547 omnihus
1120 1480 1153 1547 et
1168 1473 1308 1565 singulis
1324 1474 1508 1567 utriusque

269 1603 373 1659 sexus
398 1583 678 1658 christifidelibus
704 1584 868 1676 ejusmodi
894 1585 1101 1660 Numismata
1125 1584 1174 1658 sia
1189 1584 1364 1659 benedicta
1379 1585 1508 1662 devote

269 1696 488 1790 gestantibus,
514 1714 577 1770 nec
602 1713 671 1770 non
703 1715 780 1772 oum
806 1697 860 1772 uel
885 1715 998 1771 coram
1023 1697 1134 1789 aliquo
1167 1696 1506 1786 commorantibus,

270 1827 309 1884 ac
334 1809 469 1882 insimul
492 1808 549 1900 pia
573 1825 674 1901 opera
698 1815 799 1902 prout
828 1809 913 1883 intra
944 1809 1016 1884 suis
1049 1809 1171 1902 nmque
1201 1809 1282 1882 locis
1313 1811 1507 1902 respective

269 1921 451 2013 iniungitur
475 1922 713 2016 peragentibus
737 1922 963 2015 indulgentias
987 1921 1089 1996 modo
1115 1928 1148 1996 et
1172 1921 1278 1996 torma
1303 1940 1390 2014 quan
1406 1941 1508 2016 prae·

269 2033 442 2118 scribitur,
468 2033 650 2108 clamanter
681 2033 834 2120 indulsit,
861 2034 1012 2108 videlicet
1047 2062 1060 2098 ι
1090 2033 1133 2106 Ut
1160 2034 1220 2124 qui
1247 2033 1366 2108 saltem
1393 2039 1507 2112 semel

268 2145 303 2218 in
328 2144 539 2219 hebdomada
556 2146 722 2220 Coronam
738 2147 888 2228 Domini,
906 2147 959 2220 vel
975 2146 1189 2220 Beatissimae
1205 2146 1350 2238 Virginis
1366 2147 1505 2234 Nariae,

269 2263 326 2330 unt
349 2259 525 2333 Rosariuna
551 2261 666 2353 ejusve
690 2261 821 2334 tertiam
846 2265 986 2353 partem,
1013 2264 1070 2331 aut
1094 2257 1249 2330 Officium
1273 2258 1327 2331 vel
1342 2258 1505 2334 Divinum

270 2369 323 2442 vel
350 2372 492 2444 Parvum
519 2372 732 2446 Beatissimae
759 2371 903 2463 Virginis
928 2370 1050 2445 Mariae
1078 2369 1132 2442 vel
1159 2367 1415 2454 halunctorum,
1442 2381 1505 2447 aut

269 2489 400 2576 septem
425 2484 575 2558 Psalmos
600 2484 875 2569 Poenitantiales,
900 2483 954 2555 vel
979 2481 1161 2555 Graduales
1186 2481 1339 2564 rociaco,
1365 2488 1421 2556 aut
1445 2505 1505 2559 ru·

269 2593 416 2668 dimonte
441 2595 532 2669 Fidei
558 2596 689 2680 docere,
716 2601 772 2669 aut
797 2593 951 2668 cleantes
975 2595 1011 2668 in
1035 2611 1178 2678 carcere,
1191 2595 1246 2668 vel
1270 2594 1407 2687 alcuius
1431 2597 1503 2671 Do·

268 2725 345 2779 mus
369 2706 547 2799 Hospitalis
571 2691 723 2798 aegrotbs
748 2705 893 2790 visitare,
919 2711 976 2779 aut
1000 2706 1206 2800 Pauperibus
1231 2706 1504 2792 submoneant

268 2819 404 2893 Missam
429 2819 481 2892 vel
507 2817 621 2892 audire
646 2820 710 2904 vel,
737 2818 767 2891 si
791 2825 843 2892 ost
867 2818 1049 2902 Sacerdos,
1076 2818 1244 2893 celebrare
1268 2821 1502 2910 consueverit,

268 2931 297 3003 si
323 2949 402 3006 vero
426 2931 601 3023 poenitens
627 2937 660 3006 et
685 2931 855 3006 Sacerdoti
879 2949 940 3025 per
969 2930 1181 3005 ordinarium
1214 2933 1396 3027 approbato
1421 2953 1505 3010 con·

267 3043 378 3116 lessus
410 3043 664 3117 sanctissimum
696 3042 924 3117 Eucharistiae
952 3044 1205 3118 Sacramentum
1238 3045 1504 3138 sampsorum

269 3155 418 3247 quohhet
443 3173 487 3229 ex
513 3155 631 3231 diebus
656 3155 873 3249 infrascriptis
891 3155 1048 3229 nimirum
1066 3155 1119 3230 die
1136 3155 1220 3230 testo
1236 3157 1419 3232 Natiuitatis
1434 3159 1505 3234 ltn-

267 3267 349 3340 mint
372 3267 483 3344 Nostri
498 3270 578 3342 lesu
594 3268 726 3354 Christi,
744 3267 960 3362 Epiphaniae,
978 3268 1252 3354 Resurrectionis,
1271 3268 1502 3358 hsneusionis,

268 3380 491 3464 Pentecostes,
518 3381 753 3455 Sanctissimae
777 3381 955 3463 inuitatis,
982 3388 1015 3454 et
1040 3379 1195 3472 Corporis
1221 3380 1354 3468 Christi,
1380 3401 1421 3456 an
1442 3384 1502 3460 die

268 3491 512 3586 conceptionis,
538 3492 731 3578 Natiuitatis
749 3491 1033 3577 annunciationis,
1052 3491 1293 3568 Purificalinnis
1311 3501 1344 3568 et
1359 3494 1503 3571 ussum

266 3604 389 3698 ptinnis
414 3604 628 3679 Beatissimae
652 3606 692 3679 V.
718 3606 859 3690 Noniae,
889 3621 953 3678 nec
984 3622 1052 3677 non
1085 3603 1194 3696 primo
1219 3605 1274 3679 die
1298 3607 1504 3684 Novembris

268 3717 353 3791 insto
378 3718 529 3790 omnium
555 3719 763 3801 Sanctorum,
791 3735 829 3790 ac
854 3717 909 3790 die
925 3716 1010 3789 testo
1026 3716 1060 3788 S.
1075 3714 1253 3802 Benedicti,
1280 3725 1314 3792 et
1337 3737 1400 3812 pro
1416 3720 1502 3798 hae·

266 3847 381 3904 cesum
406 3829 635 3922 exhrpationa,
662 3829 754 3902 Fidei
770 3828 958 3902 Catholicae
975 3827 1174 3902 exaltatione
1191 3848 1229 3902 ac
1247 3832 1501 3923 propagatione,

266 3959 349 4037 pace
374 3949 408 4018 ot
431 3943 694 4016 Christannrnm
719 3941 909 4034 Principum
934 3939 1120 4028 concordia,
1144 3943 1354 4036 caeterisque
1376 3945 1503 4022 itoma-

265 4073 330 4128 nae
354 4054 520 4128 Ecclesiae
545 4053 798 4128 necessitatibus
827 4053 899 4146 pias
932 4053 975 4126 ad
1003 4054 1110 4128 Deum
1143 4072 1261 4147 preces
1293 4055 1504 4147 effuderint,

266 4167 450 4241 Planasiam
476 4165 625 4240 omnium
651 4173 862 4260 peccatorum
892 4183 1031 4240 suorum
1062 4166 1293 4240 remissionem
1320 4175 1354 4242 ct
1381 4169 1503 4246 lndul·

266 4279 412 4371 gentiam
435 4285 693 4372 consaguantur.
733 4277 796 4367 Qui
821 4276 938 4354 eadem
975 4278 1009 4352 in
1039 4279 1111 4354 allis
1139 4279 1233 4354 iestis
1262 4281 1406 4367 Domini,
1439 4292 1504 4362 aut
