3164 4926
544 343 764 414 -ltc-

132 485 248 560 cmctis
272 483 426 558 similiter
441 479 718 560 christifidelibus
744 482 891 576 praelata
907 499 1009 576 opera
1033 482 1089 576 pia
1109 501 1272 578 peragro.

81 597 150 682 llns
171 615 215 680 ao,
238 596 424 670 Ecclesiam
450 595 484 668 S.
509 593 692 668 Alexandri
711 594 868 689 Episcopi
892 595 1046 670 Eoeulani
1062 602 1097 670 et
1119 599 1274 690 Martyris

79 711 259 784 nmtiritate
275 708 432 802 ejusdcm
448 709 483 781 S.
496 707 677 785 Alexandri
695 715 728 781 et
744 709 779 782 in
796 710 1005 784 solemnitate
1021 710 1172 784 omnium
1190 711 1273 788 San·

77 831 171 896 mrum
189 822 394 896 visitaverint
409 840 429 892 a
444 821 560 912 primis
576 821 725 913 vesperis
750 839 861 912 usque
886 821 930 894 ad
954 837 1111 896 occasum
1125 823 1206 896 solis
1224 823 1273 898 ia-

76 935 190 1008 vineas
202 943 236 1009 et
246 934 469 1008 solemnitatis
493 933 688 1026 hujusmodi
712 935 909 1021 Plenariam,
924 941 957 1008 st
970 935 1029 1028 qul
1045 935 1168 1010 dictam
1184 936 1272 1010 Gon·

75 1049 216 1120 misnen
240 1054 274 1121 et
298 1047 581 1121 communionem
615 1065 653 1120 ac
678 1047 901 1121 visitationem
933 1049 969 1120 in
993 1049 1078 1122 testo
1102 1049 1138 1120 S.
1171 1049 1274 1122 llaroi

75 1162 264 1252 lvmgatistac
279 1161 475 1254 peregerint
490 1167 621 1254 septem
648 1175 813 1234 annornm
831 1167 864 1234 et
880 1161 1018 1236 totidem
1036 1161 1273 1254 Quadragcna·

74 1293 125 1346 nn
145 1273 395 1367 indulgentiam.

122 1387 276 1460 Universis
302 1401 445 1478 quoque
458 1393 492 1460 et
515 1386 655 1478 singuiis
668 1384 947 1460 christifidelibus
974 1403 1052 1458 vere
1077 1385 1275 1478 poenitenti-

73 1499 116 1572 tu
134 1500 296 1584 mnicssis,
325 1519 368 1574 ac
392 1501 427 1572 S.
453 1499 697 1574 communione
714 1499 846 1574 reiectis
872 1501 932 1590 qui
955 1499 1137 1573 Ecclesiam
1151 1498 1274 1574 *lnbe-

71 1611 149 1684 ialan
160 1621 191 1686 et
205 1613 437 1686 Paroclnialem
451 1613 486 1684 S.
503 1613 745 1686 Bartholomaei
765 1612 844 1686 alias
861 1611 1105 1696 cathedralem,
1132 1611 1274 1685 cauom

74 1743 156 1798 mun
166 1727 383 1818 ltegularinm
399 1726 672 1800 Lateranensium
686 1727 721 1798 ln
734 1724 966 1798 festivitatibus
983 1723 1135 1816 ejusdam
1149 1725 1183 1798 S.
1198 1726 1274 1796 Ear-

74 1835 213 1912 tlolounei
241 1837 399 1932 Apostoli
424 1843 458 1910 ot
482 1839 518 1910 in
541 1838 715 1911 dominica
738 1836 833 1910 tertia
858 1843 937 1929 post
961 1836 1088 1910 Pascha
1113 1836 1276 1930 aprinis

76 1953 189 2042 ramnus
210 1969 324 2043 usqne
343 1950 387 2024 ad
403 1968 560 2023 occasum
584 1950 664 2023 solis
690 1949 884 2034 festivitatis,
902 1957 935 2024 et
951 1949 1143 2023 Dominicao
1159 1950 1274 2042 nujus·

74 2061 137 2134 noli
157 2065 189 2138 in
210 2065 323 2158 primo
352 2070 386 2137 et
410 2063 526 2136 ultimo
551 2062 606 2135 die
630 2063 788 2136 Novenae
815 2062 999 2136 Natiuitatis
1024 2062 1216 2136 Dominlcao
1240 2067 1275 2136 et

75 2173 167 2247 uuna
188 2176 267 2250 levia
293 2183 394 2250 sexta
427 2175 707 2266 Quadragesimae
731 2193 792 2268 per
818 2173 1030 2247 ordinarium
1055 2175 1161 2248 semel
1184 2173 1273 2248 desi·

76 2287 180 2374 nana,
204 2295 307 2380 atque
323 2289 361 2362 in
379 2286 433 2359 dio
457 2287 789 2360 commemorationis
807 2287 959 2358 omnium
979 2285 1128 2358 lidelium
1153 2285 1276 2358 Deltvn·

75 2405 169 2471 comm
192 2403 233 2474 ab
258 2407 340 2474 ortu
365 2418 475 2491 usque
500 2399 542 2472 ad
569 2417 725 2472 occasum
750 2399 829 2471 solis
856 2399 987 2470 dierum
1013 2398 1067 2469 vel
1091 2396 1191 2469 leriae
1208 2397 1271 2469 hu-

75 2511 184 2598 iusmodi
195 2515 340 2607 siugulis
355 2513 451 2584 annis
465 2511 585 2584 devote
594 2511 797 2584 visitaverint
809 2511 923 2602 ibique
935 2515 973 2582 ut
986 2526 1087 2602 supra
1095 2509 1272 2593 oraverint,

76 2621 229 2698 limaviam.
256 2627 301 2698 lis
320 2643 403 2697 vero
420 2624 538 2698 eadem
562 2625 799 2717 peragentibus
817 2623 851 2696 in
867 2622 1100 2696 testivitatibus
1118 2619 1273 2694 Purifica-

78 2733 155 2818 tons
177 2737 466 2820 lununcialionis,
486 2736 744 2828 assumptionis
762 2735 955 2818 Natiuitatis,
982 2739 1016 2806 et
1040 2733 1275 2826 conceptionis

78 2843 101 2916 i.
119 2849 153 2920 il.
175 2849 212 2922 ll.
238 2869 277 2924 ac
297 2851 336 2921 S.
357 2849 483 2941 loseph
502 2865 566 2920 nec
586 2866 654 2922 uon
671 2849 706 2920 iu
727 2847 798 2920 aliis
819 2854 948 2940 septem
974 2846 1093 2920 diebos
1117 2845 1276 2920 Noveuae

78 2955 239 3047 lomoima,
266 2963 481 3052 metensque
505 2961 597 3034 ieriis
623 2963 729 3034 sentis
755 2958 1046 3051 Quadragasimaa‚
1073 2977 1112 3030 ac
1136 2959 1275 3050 reliquis

78 3067 164 3144 dctus
183 3075 305 3149 octidni
334 3075 486 3147 omniurn
511 3073 660 3147 fidelium
687 3074 925 3146 Deiunntorum
951 3077 1081 3163 septem
1106 3087 1272 3142 annornm

79 3183 244 3280 itidemque
264 3188 574 3279 Quadragenarum,
595 3193 727 3279 praeter
752 3179 977 3275 indulgentias
997 3181 1193 3255 eorumdem
1214 3182 1275 3254 ca-

79 3299 236 3372 muicorum
261 3300 381 3373 ordini
406 3299 605 3391 generaliter
632 3315 819 3370 concessas.
845 3297 890 3368 lis
916 3303 1045 3378 autern,
1072 3295 1130 3385 qul
1157 3294 1273 3366 saltem

82 3409 152 3481 mdc
172 3413 309 3486 contrito
331 3411 486 3485 eamdem
511 3411 694 3484 Ecclesiam
716 3411 750 3482 in
771 3409 909 3500 reliquis
933 3408 1023 3480 feriis
1049 3407 1154 3480 sentis
1174 3405 1275 3477 totins

82 3521 135 3589 ami
149 3523 356 3607 visitaverint,
376 3525 489 3615 ibique
506 3531 544 3596 nt
561 3541 663 3616 snpra
681 3522 857 3604 oraverint,
878 3521 1020 3594 Centum
1038 3519 1180 3592 dieram.
1198 3517 1276 3588 Om-

84 3629 154 3704 tllnt
173 3653 307 3728 quoqne
332 3643 367 3709 et
392 3635 531 3728 singulis
555 3637 731 3727 utriusque
756 3650 860 3707 sexus
892 3631 1171 3706 christifidelibus
1196 3643 1277 3700 vore

84 3746 301 3832 comitantibus,
320 3755 355 3820 et
371 3749 544 3831 contestis,
566 3747 625 3840 qui
646 3747 898 3820 sanctissimum
916 3741 1142 3817 Eucharistiae
1162 3739 1276 3811 Sacra·

85 3864 200 3931 nmmm
223 3862 400 3934 mensione
425 3861 677 3936 communionis
703 3860 866 3952 generalis
886 3857 992 3930 semel
1015 3856 1052 3926 iu
1076 3869 1194 3926 manse
1217 3868 1277 3946 pe

84 3969 213 4056 tegendae
238 3974 274 4044 in
299 3973 418 4048 oedem
439 3973 587 4049 Ecclesia
607 3973 823 4064 sumpserint,
849 3971 963 4060 titique
979 3973 1016 4040 ut
1040 3981 1143 4056 snpra
1162 3979 1277 4038 orave·

86 4075 139 4160 rint
158 4082 188 4154 lu
209 4103 275 4158 uua
299 4086 476 4159 testivitate
499 4089 552 4160 vel
578 4086 635 4160 die
660 4087 760 4162 uuins
785 4084 912 4158 mensis
938 4077 1118 4174 qunmnuis
1141 4077 1277 4152 avltltrio

87 4183 207 4286 lllstdpl
228 4193 435 4290 designanda
460 4199 665 4289 Plenariam;
691 4197 726 4272 in
751 4198 814 4270 alia
838 4213 918 4269 vero
944 4185 1120 4267 testivitate
1143 4189 1198 4264 val
1221 4184 1279 4262 dle

90 4295 257 4394 l'tltntovum
273 4313 478 4406 reliquorum
495 4314 651 4390 undecim
670 4313 849 4394 mansium,
864 4317 1018 4402 utsupra
1035 4303 1186 4398 eligenda
1200 4317 1276 4394 sep·
