3134 4918
791 347 1009 416 -tott-

285 483 362 558 dem
387 479 474 558 libro
500 497 607 578 supro
631 484 687 558 cit.
706 477 755 557 ud
771 477 959 558 timcndae
974 477 1211 575 rotutpuottor
1225 479 1346 576 sufficit
1369 482 1507 557 recitare

284 599 432 690 poloque
458 595 620 680 decades,
646 597 733 672 sicat
757 598 794 670 irc
818 598 965 691 simplici
989 597 1134 670 desorto
1161 596 1263 669 isac.
1297 596 1508 689 congegatio

283 709 504 803 respondit».

356 820 409 894 Ad
434 821 581 914 primum
612 820 846 894 «Affirmative
862 849 897 893 ι.

357 931 410 1006 nd
434 932 621 1007 secundum
655 928 898 1017 «affirmative,
925 928 954 1004 si
970 931 1126 1005 recitetur
1142 931 1255 1006 stricte
1270 931 1441 1024 loquendo
1456 933 1510 1006 Co

283 1059 365 1118 runa
389 1045 424 1117 S.
452 1045 607 1137 Dirgittae
632 1051 834 1139 nuncupata,
861 1041 904 1117 de
929 1061 995 1136 qua
1020 1044 1163 1136 ipsamet
1188 1045 1297 1118 autrlr
1323 1045 1385 1119 luit
1401 1045 1434 1118 in
1451 1063 1510 1118 me

282 1153 435 1241 mortam,
462 1163 499 1229 ut
524 1156 638 1241 fertur,
664 1159 836 1250 sexaginta
854 1158 955 1230 trium
974 1169 1139 1230 annorum
1164 1158 1284 1232 &atae
1309 1153 1510 1232 Maricelli·

282 1269 379 1360 ginis
398 1267 556 1360 Negatlve
569 1276 680 1342 autern
698 1269 726 1342 si
744 1286 821 1342 cum
837 1265 1005 1362 praedicta
1019 1269 1149 1342 Corona
1162 1270 1344 1344 recitentur
1357 1271 1508 1363 quinque,

283 1381 337 1454 vel
363 1381 555 1474 quindecim
581 1382 724 1455 decades
750 1383 888 1467 llosarli,
915 1401 976 1456 seu
1001 1380 1172 1475 simplicis,
1199 1389 1232 1458 et
1251 1385 1442 1457 communis
1457 1381 1510 1456 Co·

285 1511 397 1567 ronne.
424 1489 474 1567 Dr
501 1495 777 1587 responsionibus
803 1511 883 1567 uero
909 1501 1014 1586 patet,
1042 1494 1173 1568 realiter
1198 1495 1366 1568 mronam
1392 1493 1425 1568 Β.
1449 1495 1509 1567 Dir-

285 1605 386 1698 gitlae
412 1622 431 1678 a
456 1605 608 1699 slmplicl,
636 1611 669 1680 et
694 1606 864 1680 communi
890 1607 1109 1692 coronasse
1132 1607 1510 1693 llosarlodiiierre,non

282 1721 395 1792 tamen
421 1719 493 1791 solo
518 1719 665 1804 nomine,
691 1723 728 1793 nt
753 1737 854 1812 supra
879 1726 1013 1813 puntur
1028 1721 1062 1791 in
1087 1717 1216 1810 dubiia3
1234 1737 1313 1793 narn
1331 1721 1406 1814 ipsa
1426 1721 1510 1812 quin·

283 1845 367 1922 qtre,
394 1830 447 1904 rel
473 1829 665 1921 quindecim
692 1831 892 1916 decadibus,
918 1831 971 1904 illu
998 1848 1058 1905 serr
1083 1831 1266 1906 decadibus
1291 1839 1424 1906 tanturn
1441 1851 1509 1905 con·

282 1949 373 2016 stare
397 1940 522 2033 debet;
549 1944 611 2016 etsi
636 1943 778 2038 simplici
804 1944 964 2030 Coronae,
983 1961 1043 2018 seu
1061 1945 1199 2016 ltosnrlo
1216 1961 1318 2037 saepe
1337 1945 1508 2019 adnectun-

281 2061 337 2127 tur
363 2051 591 2146 indulgentiae
617 2057 650 2128 S.
678 2055 832 2148 Birgittae
858 2062 1079 2148 nuncupatae,
1097 2056 1162 2130 boe
1177 2057 1311 2129 nonnisi
1330 2053 1509 2151 apostolica

279 2165 535 2259 Dispensatiuna
561 2168 760 2261 indulgetur.
788 2167 919 2253 Diduri,
947 2170 1024 2260 quio
1049 2177 1116 2241 una
1142 2170 1176 2242 in
1203 2171 1403 2244 memoriam
1432 2180 1509 2242 com·

281 2279 415 2372 ponitur
440 2281 559 2354 beatae
584 2283 705 2356 Mariae
730 2281 876 2372 Virginis
903 2297 1085 2365 annorum,
1112 2280 1212 2353 altero
1238 2283 1400 2373 mysterio
1431 2274 1507 2354 Nati·

280 2391 400 2477 nitatis,
427 2393 606 2480 Passionis,
634 2399 667 2468 et
693 2393 823 2466 Gloriae
848 2391 969 2466 Christi
994 2393 1126 2466 Domini
1143 2393 1389 2487 complectitur.
1406 2387 1508 2466 Diduri

277 2523 340 2600 pro
365 2504 650 2598 indulgentiarum
685 2507 859 2590 uarietate,
886 2505 1052 2579 Coronam
1084 2505 1209 2578 scilicet
1234 2506 1339 2579 Dirae
1365 2499 1507 2598 brigittae

279 2618 530 2710 quamplurium
557 2618 842 2710 indulgentiarum
868 2617 936 2690 Leo
960 2614 1002 2701 X,
1029 2618 1185 2690 Clemens
1202 2619 1249 2689 Xl
1265 2635 1340 2690 san.
1360 2637 1426 2693 me.
1443 2635 1508 2690 con·

277 2730 433 2802 cessione
457 2729 615 2816 ditarunt,
643 2749 681 2804 ac
707 2729 906 2804 Benedictus
931 2730 1007 2802 XlV
1033 2748 1090 2802 eas
1116 2729 1342 2816 confirmarit,
1371 2739 1405 2806 ei
1428 2729 1507 2802 aurit

277 2859 340 2933 pro
367 2841 600 2927 recitantibus,
627 2844 680 2916 rel
706 2857 822 2916 secum
848 2841 955 2936 ipsam
980 2841 1188 2931 ierentibus;
1214 2843 1396 2916 Rosarium
1421 2860 1505 2923 raro,

278 2967 339 3025 seu
366 2952 510 3046 simplex
536 2953 666 3027 Corona
694 2975 712 3027 a
739 2955 792 3028 iel.
819 2971 886 3027 rec.
913 2953 1091 3028 benedicto
1115 2953 1191 3025 lllll
1217 2955 1391 3028 nonnullis
1408 2949 1505 3028 indul·

276 3065 397 3158 gentiis
422 3084 485 3158 pro
512 3067 664 3159 ejusdem
691 3067 883 3140 recitatione
909 3065 1122 3139 solummodo
1154 3064 1276 3138 donata
1306 3073 1374 3140 est.
1407 3061 1506 3138 Diiiert

276 3177 375 3250 etlam
401 3191 463 3270 pro
489 3177 680 3252 diversitate
714 3177 966 3261 benedictionis,
993 3191 1060 3269 qua
1081 3183 1224 3269 utraque
1240 3177 1436 3252 decoratur:
1452 3194 1506 3250 unu

275 3305 401 3380 nempe
427 3308 445 3360 a
472 3290 709 3383 Superioribus
734 3289 868 3363 Ordinis
887 3290 1094 3362 sanctissimi
1112 3288 1301 3374 saltatoris,
1320 3307 1385 3363 seu
1402 3291 1435 3361 S.
1451 3289 1506 3359 Dir-

275 3399 386 3492 giltae,
414 3399 515 3476 altera
543 3421 666 3476 veroa
698 3404 847 3497 patribus
875 3401 1008 3475 Ordinis
1025 3399 1293 3475 praedicatorum
1311 3407 1367 3475 est
1383 3399 1503 3475 omnino

274 3512 505 3588 benedicenda
522 3535 530 3588 :
557 3516 648 3608 quod
671 3523 782 3590 autem
800 3515 912 3609 opinio
929 3515 1014 3588 baec
1030 3511 1181 3588 lucrandi
1198 3513 1324 3587 scillcet
1341 3514 1502 3604 indulgen·

275 3623 337 3698 tias
363 3625 398 3698 S.
426 3625 581 3718 Dirgittae
607 3646 684 3700 curn
710 3629 779 3702 sola
797 3627 990 3701 recitatione
1007 3625 1157 3718 quinque
1174 3623 1341 3699 decadum
1359 3627 1403 3699 stt
1421 3625 1501 3697 abso

273 3737 343 3812 lute
369 3739 402 3811 in
429 3738 533 3812 Gallia
558 3741 675 3814 saltem
702 3741 860 3825 inaudita,
887 3741 968 3813 sotis
992 3738 1237 3832 supradictum
1254 3745 1306 3812 cst
1322 3739 1359 3812 in
1376 3751 1499 3830 respon·

273 3849 435 3936 sionibus,
462 3869 549 3944 qnae
575 3853 744 3927 nonnullis
762 3854 833 3926 aliis
851 3852 1029 3926 Galliarum
1047 3851 1265 3926 Dioeceslbus
1282 3849 1499 3944 superioribas

274 3963 381 4048 curris,
409 3962 442 4038 et
467 3967 663 4059 praesertim
694 3971 800 4052 leia,
828 3972 861 4040 et
889 3968 982 4038 t838
1009 3966 1051 4038 ab
1077 3965 1140 4037 bau
1155 3963 1231 4038 sac.
1248 3963 1498 4056 congregatione

273 4073 369 4162 datae
386 4083 475 4152 sunt.
493 4079 540 4154 lta
558 4079 683 4154 liadern
702 4081 776 4154 sac.
793 4079 915 4173 congr.
929 4095 1131 4173 responsum
1145 4074 1238 4152 dedit
1253 4075 1308 4151 dte
1328 4081 1375 4150 tlt
1392 4077 1498 4149 linua-

271 4183 311 4259 ili
340 4186 434 4261 {839
455 4215 489 4264 r.
