3270 4920
1272 291 1349 364 444

108 432 182 492 'An
210 425 355 490 idonialcs
382 427 478 490 Tertii
507 425 628 492 Ordinis
649 425 759 506 Oppidi
781 424 820 487 44
842 429 961 506 Arcyro
990 423 1181 488 cambrtacn.

195 510 301 572 Dioce.
321 526 410 586 qoam
431 509 612 578 Donasteria
633 506 741 570 similis
763 505 898 570 iustituti
920 507 951 572 in
972 507 1131 568 Germania
1147 505 1186 568 li-

195 599 246 650 cet
266 586 324 649 sub
345 587 493 668 guberbio
505 585 744 664 ordinariorum,
759 585 900 648 iroantnr
917 586 1119 670 indulgentiis
1134 605 1185 648 ea-

196 687 264 729 rum
286 668 392 730 Ordini
413 668 584 730 concessis?
621 709 1080 730 ......
1163 687 1181 726 a
1224 667 1281 742 ,itt
1340 667 1380 728 sc

133 751 183 810 An
205 748 350 810 lilonialcs
371 748 520 812 Clarissaa
534 747 686 828 gaudeant
698 747 892 827 lndnigentia
903 747 1117 811 portiunculae
1128 763 1183 828 pro

196 827 338 892 omnibus
359 828 439 890 sieut
458 828 611 890 Ecclesiae
632 825 730 906 eiusd.
752 827 889 892 Ordinisl
981 871 989 888 .
1072 871 1080 888 .
1162 845 1180 888 a
1241 827 1282 888 iD
1322 826 1381 888 404

275 907 366 986 (Vide
387 910 477 970 etiam
497 911 659 970 Decretum
681 907 750 986 iiiiii

132 991 182 1050 An
196 988 339 1051 Tertiarii
355 990 408 1068 qui
423 1009 440 1049 a
455 993 511 1051 Pl’.
523 985 783 1056 conventualibus
793 985 984 1065 deiecerant,
995 997 1026 1050 ct
1038 986 1184 1068 adscripti

196 1069 323 1130 fuerunt
343 1067 374 1128 in
395 1071 500 1132 Tertio
521 1068 635 1142 Ordine
657 1071 714 1130 Pl’.
730 1067 799 1130 ilin.
814 1069 1011 1132 liciormator.
1028 1070 1181 1149 gaudeant

195 1147 364 1229 privilegiis
385 1149 617 1211 Tertlarioruml
829 1199 833 1208 ,
1163 1168 1181 1210 a
1223 1147 1281 1210 iiii
1323 1147 1378 1208 llil

276 1229 367 1310 (Vide
388 1231 479 1290 ctiam
501 1232 665 1291 Decretum
687 1225 759 1308 tte)

133 1312 183 1374 An
204 1308 289 1370 Bulla
311 1319 370 1371 mm
391 1310 555 1372 Clementis
576 1311 644 1370 vlit
667 1327 684 1364 4
707 1311 916 1386 maerentque
936 1329 954 1370 a
975 1325 1066 1388 quam
1087 1312 1184 1372 Dene-

195 1388 271 1451 dicti
291 1391 359 1452 Xlil
382 1409 399 1449 u
420 1392 558 1452 Paterno
572 1383 661 1452 Sedis
677 1407 694 1446 a
710 1385 812 1451 obsint
823 1389 978 1452 Tertiariis
993 1394 1183 1453 conventua-

192 1469 275 1531 iibns
296 1470 415 1532 ratione
436 1470 615 1549 posterioris
632 1468 808 1528 erectionis?
892 1511 899 1528 .
982 1513 990 1530 .
1073 1512 1080 1528 .
1163 1465 1276 1550 albiti·
1303 1465 1379 1535 ibid.

129 1550 332 1612 Declarantur
352 1551 513 1631 priuilegia
540 1567 595 1632 pro
614 1548 758 1612 instituto
790 1550 965 1612 idonialium
994 1549 1178 1612 illisabetbi-

195 1648 303 1692 narum
1160 1649 1177 1690 s
1220 1629 1278 1692 447
1321 1627 1379 1689 lbi

130 1713 179 1774 De
199 1709 321 1772 indulto
340 1727 483 1774 concesso
503 1710 610 1772 Tertio
630 1706 738 1772 Ordini
759 1710 789 1770 S.
812 1710 962 1771 Francisei
992 1710 1023 1772 in
1045 1710 1178 1772 Ecclesia

194 1791 432 1871 Praepositumli
454 1793 483 1852 S-
505 1788 686 1870 llargaritae
707 1789 841 1862 civitatis
862 1790 1033 1853 Tridentln.
1055 1790 1114 1853 sub
1134 1791 1183 1852 di-

192 1869 328 1940 rectione
350 1872 422 1933 llin.
444 1870 561 1933 observ
564 1910 1077 1934 .......
1159 1891 1176 1932 n
1218 1871 1278 1949 ilii
1319 1869 1381 1946 tot

130 1953 177 2014 De
198 1950 320 2032 indalg.
336 1951 422 2014 Pien.
439 1951 470 2012 in
486 1949 584 2012 l'estis
595 1949 817 2030 conceptionis,
833 1959 864 2012 et
879 1952 911 2012 li.
927 1953 964 2014 ll.
981 1953 1017 2014 V.
1030 1950 1069 2014 de
1080 1954 1181 2014 444444

193 2033 331 2093 Carmeia
342 2050 397 2110 pro
413 2029 606 2094 danielitas.
621 2031 773 2092 Laurentii
786 2028 878 2108 rulgo
888 2034 924 2092 in
934 2033 1022 2096 Pone
1034 2039 1063 2094 et
1074 2033 1179 2096 Perna

192 2109 231 2172 de
252 2111 344 2188 Urbe,
365 2131 400 2172 ac
441 2129 474 2171 ro
494 2108 676 2188 degentibus
697 2111 728 2172 in
750 2109 931 2171 Donasterio
979 2156 989 2174 .
1069 2154 1077 2171 .
1160 2132 1178 2172 n
1220 2110 1280 2172 stt
1321 2109 1380 2170 557

130 2191 298 2256 Solvuntur
318 2131 462 2254 nonnuiia
477 2189 571 2252 dubia
585 2191 665 2250 cirea
681 2189 889 2269 indulgentias
903 2189 1027 2253 Ordinis
1042 2194 1071 2266 S.
1088 2193 1181 2252 Fran-

192 2273 278 2347 cisci,
299 2270 411 2351 quibus
426 2270 561 2350 gaudent
574 2269 716 2331 Tertiarii
738 2271 810 2330 olim
831 2270 889 2331 sub
911 2289 984 2332 cura
999 2281 1031 2340 et
1050 2271 1180 2332 admini-

192 2353 339 2414 stratione
360 2351 557 2414 sacerdotum
576 2349 782 2411 saecularium
804 2350 835 2411 in
855 2349 1070 2430 spiritualibus
1157 2370 1175 2411 n
1217 2351 1278 2422 set
1318 2350 1380 2412 445

130 2432 300 2496 Solvuntur
319 2431 465 2492 nonnulla
479 2429 572 2492 dubia
587 2431 666 2491 circa
679 2429 909 2492 Absolutionem
926 2441 958 2493 et
970 2431 1109 2510 Papalem
1124 2433 1181 2492 ilc·

192 2512 397 2576 nedictionem
423 2529 478 2592 pro
503 2509 685 2574 Monialibus
717 2510 857 2573 Clarissis
889 2509 920 2572 in
946 2511 1073 2574 Ciuitate
1101 2515 1180 2574 lias·

193 2593 312 2655 siliensi
347 2632 1077 2653 .........
1160 2611 1177 2650 a
1219 2591 1278 2653 stc
1320 2591 1379 2650 648

131 2676 180 2738 dn
201 2674 325 2736 Sodales
345 2672 500 2748 tertiani,
521 2668 679 2734 lucrentur
699 2669 911 2752 indulgentiae
928 2681 992 2734 tum
1002 2670 1104 2750 llrbis,
1116 2681 1181 2734 tum

192 2753 417 2828 Portiunculae,
432 2753 497 2812 sire
512 2751 681 2818 Jerusalem
703 2763 734 2812 et
755 2755 784 2816 S·
800 2751 904 2818 iacobi
919 2751 958 2814 de
978 2752 1179 2834 compostella

193 2832 348 2896 recitando
369 2833 432 2895 Sem
451 2834 558 2907 Pater,
580 2834 641 2894 Ace
662 2843 690 2893 et
711 2827 823 2894 Gloria
837 2843 891 2894 etc.
903 2843 936 2895 ct
948 2851 987 2894 an
1006 2832 1180 2896 necessaria

192 2914 234 2975 sit
253 2918 512 2978 sacramentorum
532 2913 702 2992 susceptio,
724 2922 757 2984 et
776 2931 814 2977 44
840 2912 939 2986 dietae
969 2913 1179 2996 indulgentiae

190 2995 256 3056 sint
276 2991 492 3075 applicabilesl
614 3032 1078 3062 ......
1129 3051 1130 3054 ,
1162 3015 1180 3056 a
1221 2993 1277 3056 4474
1322 2995 1381 3054 otu

130 3073 178 3152 An
198 3073 341 3136 Tertiarii
362 3073 539 3136 Saeculares
561 3070 592 3132 in
607 3071 728 3151 propria
743 3069 832 3139 domo
848 3070 1000 3152 gaudeant
1013 3073 1179 3154 induigen-

193 3155 242 3216 tiis
264 3152 336 3217 Ord.
357 3155 429 3216 itiin.
451 3153 557 3232 vigore
578 3151 803 3234 aggregationis
814 3161 870 3212 etc.
886 3165 917 3214 et
931 3172 970 3214 an
985 3153 1179 3234 indulgentia

192 3234 408 3298 portiunculae
430 3233 583 3313 gaudeant
604 3231 769 3310 Ecclesiae,
791 3235 941 3311 Oratoria,
963 3234 1124 3376 444ζ44444
1146 3234 1178 3296 in

191 3316 334 3378 Ecclesiis
354 3313 428 3376 licet
448 3310 676 3393 parochialibus
699 3331 753 3390 pro
773 3313 914 3376 omnibns
935 3311 1018 3379 iideir
1043 3315 1092 3376 usi
1154 3333 1173 3381 a
1214 3314 1273 3383 4475
1313 3315 1373 3381 cco

272 3393 362 3488 (Vide
383 3394 475 3456 etiam
495 3395 657 3456 Decretum
680 3391 750 3474 695)
1306 3417 1311 3434 ·

129 3476 366 3537 Commnmcatio
386 3473 521 3537 omnium
540 3471 757 3552 indulgentiae.
778 3471 934 3554 Serapbiei
955 3472 1077 3548 Ordinis
1098 3476 1172 3536 'l’er-

192 3557 291 3620 tiariis
314 3566 378 3626 tum
399 3553 521 3616 Ordinis
543 3554 614 3614 liin.
636 3549 762 3614 Obserr.
786 3562 850 3614 tum
880 3555 952 3614 liin.
975 3553 1172 3617 Corrrentoai.

191 3638 257 3700 sire
278 3635 493 3719 Cappuceinor.
516 3631 582 3706 sire
603 3631 805 3712 deniquesub
822 3633 988 3710 directione
1002 3634 1174 3714 cujuscum-

192 3735 251 3796 que
266 3714 438 3780 Sacerdotis
461 3711 760 3794 legitimesaoutnte
779 3711 920 3793 polientis
943 3723 1002 3776 444
1023 3713 1176 3796 erigendi,

192 3816 283 3876 quam
305 3791 485 3858 moderandi
506 3791 723 3856 Tertiariorum
743 3791 923 3856 Sodalitates
974 3837 983 3863 .
1065 3837 1073 3854 .
1156 3815 1174 3864 p
1216 3795 1275 3868 474
1315 3795 1371 3866 titii

132 3880 178 3939 lin
200 3876 401 3957 congregatio
413 3874 510 3938 Tertii
526 3872 649 3936 Ordinis
663 3883 800 3955 separata
814 3873 852 3936 ab
866 3872 979 3939 Ordine
1000 3873 1038 3942 44
1063 3871 1176 3942 obser-

192 3959 293 4032 vantia
314 3953 466 4037 gaudeant
486 3953 701 4048 Indulgentiis,
722 3951 833 4046 quibus
855 3964 942 4016 antea
957 3951 1132 4028 irucbaturl,
1153 3976 1171 4018 a
1213 3956 1274 4026 iiiiii
1316 3955 1376 4018 usu

272 4033 825 4182 (videgsumffiimff¹1¹¹d¹¹¹⁸⁰¹¹²¹⁸¹²
856 4053 910 4116 pro
941 4034 1116 4116 Cordigeris
1143 4035 1175 4098 in

381 4134 461 4198 ppen
485 4133 531 4188 ree
582 4158 590 4174 .
626 4157 634 4174 .
