3164 4926
573 369 789 436 -ttt-

77 505 281 582 Beatissimae
306 503 463 597 Virginis,
488 503 728 580 sanctorumve
753 501 999 598 Apostolorum,
1017 509 1074 578 ant
1089 503 1124 577 S.
1141 499 1296 598 iosephl‚

78 627 127 692 ant
149 620 210 692 SS.
234 617 352 704 Banu,
379 616 510 703 Placidi,
538 618 761 692 scholasticae
785 621 820 690 et
844 614 1017 690 Gerlrudis
1034 615 1167 690 Ordinis
1183 617 1217 689 S.
1236 618 1298 690 Be·

74 729 187 806 nedicd
212 730 413 824 peregerint,
439 730 475 804 in
499 731 647 822 quohhet
671 747 789 804 eornm
805 734 935 822 sepiem
951 745 1116 805 annorum
1142 727 1299 802 lotidem·

76 863 132 936 que
156 844 450 937 quadragenarum
474 842 717 936 indulgentiam
742 842 901 936 acquirat,
927 857 1029 934 quam
1055 842 1179 935 pariter
1196 840 1298 934 adipi·

76 963 195 1041 scatur,
237 957 297 1048 qui
325 957 462 1032 iilssam
487 956 615 1042 audiet,
648 957 702 1030 vel
726 956 756 1028 si
779 962 831 1030 est
859 954 1022 1029 Sacerdos
1051 953 1231 1030 celebrabit
1261 971 1299 1026 ac

75 1087 129 1162 pro
152 1069 421 1143 Christianorum
446 1069 636 1162 Principum
662 1069 893 1164 prosperitate,
918 1067 1119 1159 illorumque
1143 1072 1300 1150 statuum,

76 1180 319 1254 sumnonem
349 1180 584 1272 tranquillitate
620 1183 728 1256 Beum
760 1179 878 1254 orabit.
916 1179 980 1266 Qui
1009 1178 1053 1252 oh
1081 1178 1301 1254 reverentiam

76 1311 146 1384 arga
170 1292 369 1366 Passionem
394 1293 476 1366 lesu
499 1293 620 1366 Christi
644 1292 780 1366 Domini
804 1291 915 1368 Nostri
941 1291 1031 1364 ieriis
1057 1292 1162 1364 sextis
1187 1296 1243 1364 aul
1267 1290 1302 1362 in

75 1403 234 1478 honorem
259 1405 475 1478 Beatissimae
501 1405 647 1497 Virginis
679 1401 799 1478 diehns'
831 1403 985 1488 Sahhati,
1011 1403 1159 1496 qualihel
1187 1417 1302 1475 earum

75 1516 124 1590 die
146 1517 183 1589 id
208 1518 316 1609 egerit
339 1516 581 1610 indulgentiam
606 1525 736 1612 septem
754 1536 918 1591 annorum
935 1515 1142 1606 totidemque
1159 1512 1302 1606 quadra·

76 1647 244 1720 genarum.
271 1629 336 1716 Qui
360 1647 441 1703 vero
466 1630 650 1715 contessus,
677 1648 716 1704 ac
741 1631 776 1702 S.
794 1628 1037 1703 Gemmunione
1053 1626 1198 1702 reiectos
1220 1625 1304 1718 jeju·

77 1743 162 1814 nium
188 1741 314 1814 iisdem
339 1741 460 1816 diebos
483 1761 544 1836 per
568 1744 734 1835 integrum
761 1759 888 1815 annom
910 1740 1102 1823 servaverit,
1120 1737 1305 1812 Plenariam

77 1853 225 1927 omnium
249 1861 465 1947 peccatorum
489 1873 628 1928 suorum
657 1853 890 1928 remissionem
923 1857 958 1926 el
986 1849 1229 1942 indulgentiam
1254 1848 1305 1921 iu·

78 1965 237 2050 trahitur,
265 1985 334 2057 qna
358 1965 457 2040 etiam
488 1964 645 2058 gaudebil
677 1965 736 2058 qui
768 1964 858 2039 idem
890 1982 977 2059 opus
1001 1965 1168 2057 complere
1196 1961 1306 2036 inten-

77 2078 157 2152 tlens
195 2077 285 2152 inira
322 2096 448 2153 aunum
480 2077 670 2152 decesserit.
718 2077 783 2164 Qui
814 2077 920 2152 semel
950 2077 1004 2150 vel
1034 2075 1160 2169 pluries
1192 2073 1306 2147 indie

77 2191 306 2264 taeutatortam
350 2218 364 2252 ι
395 2188 579 2264 Benedicta
616 2191 659 2264 sit
691 2190 881 2282 purissime
906 2193 938 2262 et
963 2189 1194 2260 immaculato
1221 2185 1306 2260 Coo·

78 2303 182 2396 ceptio
205 2331 219 2364 ι
243 2301 392 2394 prolerre
417 2301 638 2386 consueverit,
663 2300 906 2394 indulgentiam
931 2298 1150 2392 qnadraginta
1165 2296 1306 2370 dierum.

78 2416 138 2500 tini
168 2413 292 2486 saltem
330 2413 436 2486 semel
471 2414 504 2486 lu
541 2411 752 2488 hebdomada
788 2412 927 2486 recitare
963 2408 1174 2484 consueverit
1204 2407 1307 2480 coro·

79 2545 170 2612 nam,
197 2531 257 2598 aut
282 2526 475 2610 Rosarium,
501 2530 558 2598 aul
583 2524 737 2600 Officium
762 2523 976 2599 Beatissimae
1000 2521 1145 2613 Virginis
1171 2519 1225 2593 vel
1248 2521 1311 2594 Be·

81 2640 287 2723 implorum,
322 2645 378 2712 aut
409 2638 598 2730 vesperas,
628 2655 803 2729 unumque
835 2636 954 2710 saltem
986 2653 1030 2708 ex
1059 2632 1251 2716 Nocturnis,
1278 2638 1311 2707 el

82 2751 223 2838 laudes,
240 2756 299 2824 aul
314 2757 444 2845 septem
461 2751 610 2824 Psalmos
627 2751 881 2824 poenitentiales
899 2755 933 2822 et
948 2746 1104 2832 LitaniaS,
1127 2763 1325 2837 eorumque·

82 2883 216 2956 proces,
242 2870 301 2936 ant
324 2863 358 2935 in
384 2863 546 2936 honorem
578 2861 786 2934 sanctissimi
810 2861 960 2936 Nominis
985 2861 1107 2936 Nariae
1132 2857 1311 2950 quinquies

83 2977 315 3050 dictationem
345 2974 556 3066 Augciioam,
587 2979 644 3046 aul
675 2973 902 3066 Antiphonem
926 2973 1022 3045 «sch
1054 2975 1150 3043 loom
1177 2970 1312 3062 proesi-

87 3087 204 3160 diurr·
229 3105 308 3160 cum
325 3104 392 3158 une
406 3086 552 3178 qualibet
565 3103 609 3159 eu
625 3085 773 3178 probatis
790 3084 995 3158 orationihus
1011 3081 1226 3155 Beatissimae
1242 3080 1316 3152 Vir-

86 3202 166 3292 ginis
183 3219 257 3294 quo
273 3197 328 3272 die
343 3198 379 3272 id
394 3199 508 3272 iecerit
523 3196 765 3289 indulgentiam
783 3202 918 3271 centum
930 3194 1061 3268 dierum
1078 3196 1314 3281 consequatur,

87 3331 149 3404 qoe
172 3312 283 3386 semel
307 3312 342 3385 in
367 3311 485 3403 quavis
509 3309 589 3383 levia
614 3315 710 3382 sexta
734 3307 879 3397 iruatur3
905 3306 970 3393 Qui
993 3303 1177 3377 orationem
1201 3300 1314 3374 Bomi-

89 3426 192 3498 uicam
218 3430 255 3498 et
279 3421 516 3497 Sdulaliouem
540 3421 733 3514 hugeiicam
749 3427 799 3494 ter
819 3417 1015 3503 recitaverit,
1042 3433 1082 3488 ac
1098 3413 1140 3490 de
1158 3412 1316 3487 Passione

90 3543 121 3610 et
142 3539 249 3610 Norte
273 3534 407 3610 Domini
422 3535 532 3609 Nostri
556 3535 636 3609 lesu
653 3533 775 3608 Christi
791 3533 846 3626 pie
863 3529 1072 3624 cogitaverit;
1090 3524 1244 3601 eamdem
1260 3543 1317 3617 pa·

91 3649 335 3731 ritcriucretur,
349 3647 408 3740 qui
425 3645 469 3720 oh
482 3645 693 3720 devotionern
711 3663 789 3737 erga
805 3645 865 3718 SS.
879 3641 1074 3736 losephum,
1088 3635 1317 3720 Benedictum,

93 3759 249 3846 harum,
275 3759 524 3844 scholasticam,
550 3765 584 3832 et
608 3757 807 3832 Gertrudem
832 3752 1003 3830 recitando
1029 3751 1198 3826 Psalmnm
1223 3749 1317 3822 ‹tlt-

95 3889 196 3948 serere
219 3875 289 3947 mei
302 3875 394 3946 ltere
417 3875 503 3946 otc.»
528 3879 585 3944 ant
616 3869 795 3964 quinquies
821 3869 1012 3943 Orationem
1029 3871 1063 3940 et
1086 3861 1319 3937 adulationem

97 3985 281 4076 tngettcam
308 3985 468 4070 oraverit,
494 3989 532 4058 ut
555 3985 645 4058 Beus
670 4001 731 4076 per
755 3999 872 4056 eorum
897 3978 1171 4053 intercessionem
1197 3974 1230 4046 S.
1257 3973 1319 4046 Ca·

99 4095 244 4172 tholicarn
260 4097 446 4172 Ecclesiam
458 4101 643 4180 conservet,
661 4095 840 4189 ipsumque
857 4090 1015 4164 devotum
1027 4089 1126 4164 heato
1142 4085 1210 4158 line
1227 4085 1319 4176 quie

101 4223 191 4283 scere
213 4209 324 4301 lacial;
351 4210 416 4298 Qui
439 4209 475 4282 in
499 4205 697 4282 celebranda
711 4207 823 4290 Nissa,
845 4203 899 4276 vel
923 4200 1088 4276 sumenda
1103 4195 1319 4277 Eucharistia,

106 4326 160 4394 aut
180 4321 291 4399 Officio
316 4321 447 4409 Divino,
463 4322 519 4398 vel
533 4339 636 4418 parvo
660 4320 696 4396 B.
721 4319 766 4396 N.
792 4318 833 4393 ll.
858 4311 1039 4399 recitando,
1060 4311 1255 4406 priusquam
1273 4306 1322 4382 in-
