<?xml version="1.0" encoding="UTF-8"?>
<!DOCTYPE html PUBLIC "-//W3C//DTD XHTML 1.0 Transitional//EN"
    "http://www.w3.org/TR/xhtml1/DTD/xhtml1-transitional.dtd">
<html xmlns="http://www.w3.org/1999/xhtml" xml:lang="en" lang="en">
 <head>
  <title>
</title>
<meta http-equiv="Content-Type" content="text/html;charset=utf-8" />
  <meta name='ocr-system' content='tesseract 3.04.00' />
  <meta name='ocr-capabilities' content='ocr_page ocr_carea ocr_par ocr_line ocrx_word'/>
</head>
<body>
  <div class='ocr_page' id='page_1' title='image "./resolutionesseu00pringoog_0417.png"; bbox 0 0 3134 4918; ppageno 0'>
   <div class='ocr_carea' id='block_1_1' title="bbox 760 313 976 382">
    <p class='ocr_par' dir='ltr' id='par_1_1' title="bbox 760 313 976 382">
     <span class='ocr_line' id='line_1_1' title="bbox 760 313 976 382; baseline -0.014 0"><span class='ocrx_word' id='word_1_1' title='bbox 760 313 976 382; x_wconf 71' lang='lat' dir='ltr'><em>-bln-</em></span> 
     </span>
    </p>
   </div>
   <div class='ocr_carea' id='block_1_2' title="bbox 251 449 1478 861">
    <p class='ocr_par' dir='ltr' id='par_1_2' title="bbox 251 449 1478 861">
     <span class='ocr_line' id='line_1_2' title="bbox 251 449 1476 544; baseline -0.002 -20"><span class='ocrx_word' id='word_1_2' title='bbox 251 451 383 544; x_wconf 72' lang='lat' dir='ltr'><em>posunt</em></span> <span class='ocrx_word' id='word_1_3' title='bbox 409 451 552 524; x_wconf 78' lang='lat' dir='ltr'><em>canan</em></span> <span class='ocrx_word' id='word_1_4' title='bbox 572 450 777 544; x_wconf 78' lang='lat' dir='ltr'><strong><em>precatoriis</em></strong></span> <span class='ocrx_word' id='word_1_5' title='bbox 794 449 931 524; x_wconf 85' lang='lat' dir='ltr'><em>Cbalibe</em></span> <span class='ocrx_word' id='word_1_6' title='bbox 954 449 1057 542; x_wconf 85' lang='lat' dir='ltr'><em>polito</em></span> <span class='ocrx_word' id='word_1_7' title='bbox 1082 450 1231 540; x_wconf 78' lang='lat' dir='ltr'><em>(accinio</em></span> <span class='ocrx_word' id='word_1_8' title='bbox 1256 449 1476 542; x_wconf 83' lang='lat' dir='ltr'><em>polimenlato)</em></span> 
     </span>
     <span class='ocr_line' id='line_1_3' title="bbox 255 563 1478 770; baseline 0 -24"><span class='ocrx_word' id='word_1_9' title='bbox 255 563 400 748; x_wconf 48' lang='lat' dir='ltr'><em>[Gagai.</em></span> <span class='ocrx_word' id='word_1_10' title='bbox 418 674 637 768; x_wconf 83' lang='lat' dir='ltr'><em>congregotio</em></span> <span class='ocrx_word' id='word_1_11' title='bbox 654 674 827 768; x_wconf 85' lang='lat' dir='ltr'><em>respondit</em></span> <span class='ocrx_word' id='word_1_12' title='bbox 846 674 924 748; x_wconf 79' lang='lat' dir='ltr'><em>«Ad</em></span> <span class='ocrx_word' id='word_1_13' title='bbox 940 675 1097 770; x_wconf 85' lang='lat' dir='ltr'><em>primum,</em></span> <span class='ocrx_word' id='word_1_14' title='bbox 1114 681 1149 749; x_wconf 85' lang='lat' dir='ltr'><em>el</em></span> <span class='ocrx_word' id='word_1_15' title='bbox 1164 673 1350 750; x_wconf 87' lang='lat' dir='ltr'><em>secandum</em></span> <span class='ocrx_word' id='word_1_16' title='bbox 1367 671 1478 746; x_wconf 76' lang='lat' dir='ltr'><em>«Affir-</em></span> 
     </span>
     <span class='ocr_line' id='line_1_4' title="bbox 256 785 850 861; baseline 0.003 -3"><span class='ocrx_word' id='word_1_17' title='bbox 256 786 424 860; x_wconf 79' lang='lat' dir='ltr'><em>native».</em></span> <span class='ocrx_word' id='word_1_18' title='bbox 451 786 512 860; x_wconf 86' lang='lat' dir='ltr'><em>Die</em></span> <span class='ocrx_word' id='word_1_19' title='bbox 538 791 584 857; x_wconf 77' lang='lat'><em>22</em></span> <span class='ocrx_word' id='word_1_20' title='bbox 610 785 717 860; x_wconf 85' lang='lat' dir='ltr'><em>Martii</em></span> <span class='ocrx_word' id='word_1_21' title='bbox 745 792 850 861; x_wconf 81' lang='grc'><strong>18311.</strong></span> 
     </span>
    </p>
   </div>
   <div class='ocr_carea' id='block_1_3' title="bbox 811 982 935 1057">
    <p class='ocr_par' dir='ltr' id='par_1_3' title="bbox 811 982 935 1057">
     <span class='ocr_line' id='line_1_5' title="bbox 811 982 935 1057; baseline -0.008 0"><span class='ocrx_word' id='word_1_22' title='bbox 811 982 935 1057; x_wconf 81' lang='lat' dir='ltr'><strong>CDXC.</strong></span> 
     </span>
    </p>
   </div>
   <div class='ocr_carea' id='block_1_4' title="bbox 775 1131 968 1183">
    <p class='ocr_par' dir='ltr' id='par_1_4' title="bbox 775 1131 968 1183">
     <span class='ocr_line' id='line_1_6' title="bbox 775 1131 968 1183; baseline -0.005 0"><span class='ocrx_word' id='word_1_23' title='bbox 775 1131 968 1183; x_wconf 70' lang='lat' dir='ltr'><em>Menoeten,</em></span> 
     </span>
    </p>
   </div>
   <div class='ocr_carea' id='block_1_5' title="bbox 257 1236 1484 2227">
    <p class='ocr_par' dir='ltr' id='par_1_5' title="bbox 257 1236 1483 1888">
     <span class='ocr_line' id='line_1_7' title="bbox 331 1236 1480 1326; baseline -0.003 -17"><span class='ocrx_word' id='word_1_24' title='bbox 331 1238 627 1310; x_wconf 86' lang='lat' dir='ltr'><em>Caercrnoniarins</em></span> <span class='ocrx_word' id='word_1_25' title='bbox 640 1237 810 1310; x_wconf 79' lang='lat' dir='ltr'><em>Ecclesiae</em></span> <span class='ocrx_word' id='word_1_26' title='bbox 825 1236 1042 1310; x_wconf 86' lang='lat' dir='ltr'><em>Calledrolis</em></span> <span class='ocrx_word' id='word_1_27' title='bbox 1058 1236 1224 1310; x_wconf 86' lang='lat' dir='ltr'><em>Dioecesis</em></span> <span class='ocrx_word' id='word_1_28' title='bbox 1232 1237 1380 1310; x_wconf 82' lang='lat' dir='ltr'><em>Meliten.</em></span> <span class='ocrx_word' id='word_1_29' title='bbox 1390 1251 1480 1326; x_wconf 78' lang='lat' dir='ltr'><em>quoc-</em></span> 
     </span>
     <span class='ocr_line' id='line_1_8' title="bbox 257 1347 1480 1440; baseline -0.004 -20"><span class='ocrx_word' id='word_1_30' title='bbox 257 1350 303 1421; x_wconf 91' lang='lat' dir='ltr'><em>rit</em></span> <span class='ocrx_word' id='word_1_31' title='bbox 328 1368 351 1420; x_wconf 95' lang='lat' dir='ltr'><em>a</em></span> <span class='ocrx_word' id='word_1_32' title='bbox 379 1351 456 1421; x_wconf 89' lang='lat' dir='ltr'><em>Sac.</em></span> <span class='ocrx_word' id='word_1_33' title='bbox 486 1349 767 1440; x_wconf 76' lang='lat' dir='ltr'><em>Canareaotione.</em></span> <span class='ocrx_word' id='word_1_34' title='bbox 794 1350 848 1421; x_wconf 80' lang='lat' dir='ltr'><em>An</em></span> <span class='ocrx_word' id='word_1_35' title='bbox 875 1347 1052 1432; x_wconf 81' lang='lat' dir='ltr'><em>Sacerdos,</em></span> <span class='ocrx_word' id='word_1_36' title='bbox 1079 1349 1139 1438; x_wconf 84' lang='lat' dir='ltr'><em>qni</em></span> <span class='ocrx_word' id='word_1_37' title='bbox 1164 1347 1292 1440; x_wconf 69' lang='lat' dir='ltr'><em>caudet</em></span> <span class='ocrx_word' id='word_1_38' title='bbox 1307 1347 1480 1438; x_wconf 75' lang='lat' dir='ltr'><em>prindeaio</em></span> 
     </span>
     <span class='ocr_line' id='line_1_9' title="bbox 258 1460 1481 1553; baseline -0.007 -19"><span class='ocrx_word' id='word_1_39' title='bbox 258 1461 387 1534; x_wconf 66' lang='lat' dir='ltr'><em>littoris</em></span> <span class='ocrx_word' id='word_1_40' title='bbox 416 1461 626 1553; x_wconf 82' lang='lat' dir='ltr'><em>personalis,</em></span> <span class='ocrx_word' id='word_1_41' title='bbox 652 1462 682 1532; x_wconf 89' lang='lat' dir='ltr'><em>si</em></span> <span class='ocrx_word' id='word_1_42' title='bbox 707 1464 917 1552; x_wconf 70' lang='lat' dir='ltr'><em>aduocantes</em></span> <span class='ocrx_word' id='word_1_43' title='bbox 950 1462 1056 1533; x_wconf 89' lang='lat' dir='ltr'><em>alicui</em></span> <span class='ocrx_word' id='word_1_44' title='bbox 1091 1460 1481 1552; x_wconf 56' lang='lat' dir='ltr'><em>consecutionibus</em></span> 
     </span>
     <span class='ocr_line' id='line_1_10' title="bbox 257 1570 1481 1667; baseline -0.003 -23"><span class='ocrx_word' id='word_1_45' title='bbox 257 1574 362 1646; x_wconf 85' lang='lat' dir='ltr'><em>eliano</em></span> <span class='ocrx_word' id='word_1_46' title='bbox 387 1571 477 1645; x_wconf 91' lang='lat' dir='ltr'><em>dicto</em></span> <span class='ocrx_word' id='word_1_47' title='bbox 500 1573 683 1664; x_wconf 67' lang='lat' dir='ltr'><em>urrioileuio</em></span> <span class='ocrx_word' id='word_1_48' title='bbox 709 1571 849 1663; x_wconf 70' lang='lat' dir='ltr'><em>candel,</em></span> <span class='ocrx_word' id='word_1_49' title='bbox 871 1574 981 1664; x_wconf 79' lang='lat' dir='ltr'><em>possit</em></span> <span class='ocrx_word' id='word_1_50' title='bbox 1006 1571 1121 1646; x_wconf 89' lang='lat' dir='ltr'><em>adbuc</em></span> <span class='ocrx_word' id='word_1_51' title='bbox 1145 1573 1217 1667; x_wconf 79' lang='lat' dir='ltr'><em>loni</em></span> <span class='ocrx_word' id='word_1_52' title='bbox 1242 1570 1305 1645; x_wconf 91' lang='lat' dir='ltr'><em>boc</em></span> <span class='ocrx_word' id='word_1_53' title='bbox 1334 1572 1404 1644; x_wconf 88' lang='lat' dir='ltr'><em>olio</em></span> <span class='ocrx_word' id='word_1_54' title='bbox 1417 1571 1481 1661; x_wconf 83' lang='lat' dir='ltr'><em>pri·</em></span> 
     </span>
     <span class='ocr_line' id='line_1_11' title="bbox 258 1683 1483 1777; baseline -0.003 -21"><span class='ocrx_word' id='word_1_55' title='bbox 258 1685 402 1776; x_wconf 73' lang='lat' dir='ltr'><em>cilonio,</em></span> <span class='ocrx_word' id='word_1_56' title='bbox 429 1703 505 1756; x_wconf 91' lang='lat' dir='ltr'><em>cnm</em></span> <span class='ocrx_word' id='word_1_57' title='bbox 532 1683 672 1757; x_wconf 77' lang='lat' dir='ltr'><em>aliunde</em></span> <span class='ocrx_word' id='word_1_58' title='bbox 690 1685 769 1773; x_wconf 80' lang='lat' dir='ltr'><em>jaon</em></span> <span class='ocrx_word' id='word_1_59' title='bbox 796 1683 922 1758; x_wconf 88' lang='lat' dir='ltr'><em>babeat</em></span> <span class='ocrx_word' id='word_1_60' title='bbox 943 1704 1009 1777; x_wconf 83' lang='lat' dir='ltr'><em>per</em></span> <span class='ocrx_word' id='word_1_61' title='bbox 1034 1691 1119 1767; x_wconf 87' lang='lat' dir='ltr'><em>tres,</em></span> <span class='ocrx_word' id='word_1_62' title='bbox 1146 1691 1207 1758; x_wconf 90' lang='lat' dir='ltr'><em>aul</em></span> <span class='ocrx_word' id='word_1_63' title='bbox 1234 1688 1385 1775; x_wconf 79' lang='lat' dir='ltr'><em>quatuor</em></span> <span class='ocrx_word' id='word_1_64' title='bbox 1407 1683 1483 1756; x_wconf 87' lang='lat' dir='ltr'><em>uices</em></span> 
     </span>
     <span class='ocr_line' id='line_1_12' title="bbox 259 1795 907 1888; baseline 0.002 -21"><span class='ocrx_word' id='word_1_65' title='bbox 259 1797 295 1867; x_wconf 91' lang='lat' dir='ltr'><em>in</em></span> <span class='ocrx_word' id='word_1_66' title='bbox 320 1795 538 1868; x_wconf 87' lang='lat' dir='ltr'><em>bebdomada</em></span> <span class='ocrx_word' id='word_1_67' title='bbox 564 1796 633 1868; x_wconf 91' lang='lat' dir='ltr'><em>tale</em></span> <span class='ocrx_word' id='word_1_68' title='bbox 654 1797 907 1888; x_wconf 74' lang='lat' dir='ltr'><em>priuileaiurnl</em></span> 
     </span>
    </p>

    <p class='ocr_par' dir='ltr' id='par_1_6' title="bbox 260 1908 1484 2227">
     <span class='ocr_line' id='line_1_13' title="bbox 332 1908 1484 2002; baseline -0.003 -23"><span class='ocrx_word' id='word_1_69' title='bbox 332 1908 405 1980; x_wconf 87' lang='lat' dir='ltr'><em>Soc.</em></span> <span class='ocrx_word' id='word_1_70' title='bbox 432 1908 650 1999; x_wconf 78' lang='lat' dir='ltr'><em>congregatio</em></span> <span class='ocrx_word' id='word_1_71' title='bbox 676 1909 860 2002; x_wconf 84' lang='lat' dir='ltr'><em>respondit,</em></span> <span class='ocrx_word' id='word_1_72' title='bbox 886 1909 1007 1982; x_wconf 82' lang='lat' dir='ltr'><em>audilis</em></span> <span class='ocrx_word' id='word_1_73' title='bbox 1031 1929 1169 2002; x_wconf 85' lang='lat' dir='ltr'><em>qaoque</em></span> <span class='ocrx_word' id='word_1_74' title='bbox 1185 1909 1421 1982; x_wconf 82' lang='lat' dir='ltr'><em>consultorum</em></span> <span class='ocrx_word' id='word_1_75' title='bbox 1437 1923 1484 1976; x_wconf 79' lang='lat' dir='ltr'><em>so</em></span> 
     </span>
     <span class='ocr_line' id='line_1_14' title="bbox 261 2015 1484 2114; baseline -0.005 -20"><span class='ocrx_word' id='word_1_76' title='bbox 261 2021 303 2106; x_wconf 84' lang='lat' dir='ltr'><em>lis</em></span> <span class='ocrx_word' id='word_1_77' title='bbox 328 2018 566 2104; x_wconf 73' lang='lat' dir='ltr'><em>‹Affirmoliee</em></span> <span class='ocrx_word' id='word_1_78' title='bbox 593 2020 777 2094; x_wconf 85' lang='lat' dir='ltr'><em>dummodo</em></span> <span class='ocrx_word' id='word_1_79' title='bbox 803 2021 838 2095; x_wconf 91' lang='lat' dir='ltr'><em>in</em></span> <span class='ocrx_word' id='word_1_80' title='bbox 861 2015 1013 2108; x_wconf 69' lang='lat' dir='ltr'><em>indultis</em></span> <span class='ocrx_word' id='word_1_81' title='bbox 1039 2022 1082 2095; x_wconf 90' lang='lat' dir='ltr'><em>de</em></span> <span class='ocrx_word' id='word_1_82' title='bbox 1107 2023 1232 2114; x_wconf 88' lang='lat' dir='ltr'><em>quibus</em></span> <span class='ocrx_word' id='word_1_83' title='bbox 1257 2021 1384 2094; x_wconf 89' lang='lat' dir='ltr'><em>mentio</em></span> <span class='ocrx_word' id='word_1_84' title='bbox 1408 2018 1484 2091; x_wconf 87' lang='lat' dir='ltr'><em>lilio</em></span> 
     </span>
     <span class='ocr_line' id='line_1_15' title="bbox 260 2131 1482 2227; baseline -0.005 -21"><span class='ocrx_word' id='word_1_85' title='bbox 260 2135 333 2226; x_wconf 85' lang='lat' dir='ltr'><em>ipso</em></span> <span class='ocrx_word' id='word_1_86' title='bbox 359 2131 472 2220; x_wconf 87' lang='lat' dir='ltr'><em>dubio,</em></span> <span class='ocrx_word' id='word_1_87' title='bbox 499 2134 592 2206; x_wconf 83' lang='lat' dir='ltr'><em>aliter</em></span> <span class='ocrx_word' id='word_1_88' title='bbox 615 2151 777 2226; x_wconf 73' lang='lat' dir='ltr'><em>expresse</em></span> <span class='ocrx_word' id='word_1_89' title='bbox 803 2153 871 2208; x_wconf 89' lang='lat' dir='ltr'><em>non</em></span> <span class='ocrx_word' id='word_1_90' title='bbox 889 2135 1131 2227; x_wconf 78' lang='lat' dir='ltr'><em>disponatur».</em></span> <span class='ocrx_word' id='word_1_91' title='bbox 1149 2135 1209 2208; x_wconf 86' lang='lat' dir='ltr'><em>Die</em></span> <span class='ocrx_word' id='word_1_92' title='bbox 1227 2139 1272 2207; x_wconf 82' lang='lat'><em>27</em></span> <span class='ocrx_word' id='word_1_93' title='bbox 1291 2135 1369 2210; x_wconf 82' lang='lat' dir='ltr'><em>Maii</em></span> <span class='ocrx_word' id='word_1_94' title='bbox 1389 2133 1482 2204; x_wconf 81' lang='grc'><strong>1839.</strong></span> 
     </span>
    </p>
   </div>
   <div class='ocr_carea' id='block_1_6' title="bbox 766 2342 994 2568">
    <p class='ocr_par' dir='ltr' id='par_1_7' title="bbox 766 2342 994 2568">
     <span class='ocr_line' id='line_1_16' title="bbox 810 2342 948 2417; baseline 0.007 -2"><span class='ocrx_word' id='word_1_95' title='bbox 810 2342 948 2417; x_wconf 81' lang='lat' dir='ltr'><em>cbxcl.</em></span> 
     </span>
     <span class='ocr_line' id='line_1_17' title="bbox 766 2511 994 2568; baseline 0.004 -3"><span class='ocrx_word' id='word_1_96' title='bbox 766 2513 895 2568; x_wconf 77' lang='lat' dir='ltr'><em>oncense</em></span> <span class='ocrx_word' id='word_1_97' title='bbox 920 2511 994 2568; x_wconf 80' lang='lat' dir='ltr'><em>noco</em></span> 
     </span>
    </p>
   </div>
   <div class='ocr_carea' id='block_1_7' title="bbox 261 2688 1489 4356">
    <p class='ocr_par' dir='ltr' id='par_1_8' title="bbox 261 2675 1488 3231">
     <span class='ocr_line' id='line_1_18' title="bbox 340 2688 1485 2784; baseline 0 -24"><span class='ocrx_word' id='word_1_98' title='bbox 340 2689 388 2762; x_wconf 81' lang='lat' dir='ltr'><em>l.⁰</em></span> <span class='ocrx_word' id='word_1_99' title='bbox 416 2688 561 2776; x_wconf 87' lang='lat' dir='ltr'><em>Quando</em></span> <span class='ocrx_word' id='word_1_100' title='bbox 590 2691 731 2764; x_wconf 82' lang='lat' dir='ltr'><em>Coronis</em></span> <span class='ocrx_word' id='word_1_101' title='bbox 757 2693 796 2763; x_wconf 85' lang='lat' dir='ltr'><em>B.</em></span> <span class='ocrx_word' id='word_1_102' title='bbox 823 2694 870 2766; x_wconf 90' lang='lat' dir='ltr'><em>M.</em></span> <span class='ocrx_word' id='word_1_103' title='bbox 904 2693 936 2764; x_wconf 87' lang='lat' dir='ltr'><em>V.</em></span> <span class='ocrx_word' id='word_1_104' title='bbox 963 2691 1005 2764; x_wconf 91' lang='lat' dir='ltr'><em>de</em></span> <span class='ocrx_word' id='word_1_105' title='bbox 1031 2693 1169 2766; x_wconf 87' lang='lat' dir='ltr'><em>licentia</em></span> <span class='ocrx_word' id='word_1_106' title='bbox 1187 2693 1221 2766; x_wconf 86' lang='lat' dir='ltr'><em>S.</em></span> <span class='ocrx_word' id='word_1_107' title='bbox 1241 2691 1339 2765; x_wconf 86' lang='lat' dir='ltr'><em>Sedis</em></span> <span class='ocrx_word' id='word_1_108' title='bbox 1355 2692 1485 2784; x_wconf 75' lang='lat' dir='ltr'><em>Aposto-</em></span> 
     </span>
     <span class='ocr_line' id='line_1_19' title="bbox 265 2800 1488 2896; baseline -0.004 -21"><span class='ocrx_word' id='word_1_109' title='bbox 265 2802 352 2875; x_wconf 93' lang='lat' dir='ltr'><em>licae</em></span> <span class='ocrx_word' id='word_1_110' title='bbox 378 2803 557 2893; x_wconf 81' lang='lat' dir='ltr'><em>applicata</em></span> <span class='ocrx_word' id='word_1_111' title='bbox 581 2801 648 2895; x_wconf 81' lang='lat' dir='ltr'><em>luit</em></span> <span class='ocrx_word' id='word_1_112' title='bbox 680 2803 866 2877; x_wconf 75' lang='lat' dir='ltr'><em>benedictio</em></span> <span class='ocrx_word' id='word_1_113' title='bbox 892 2823 970 2876; x_wconf 89' lang='lat' dir='ltr'><em>cnm</em></span> <span class='ocrx_word' id='word_1_114' title='bbox 995 2803 1221 2896; x_wconf 74' lang='lat' dir='ltr'><em>Induluentiis</em></span> <span class='ocrx_word' id='word_1_115' title='bbox 1246 2805 1360 2878; x_wconf 82' lang='lat' dir='ltr'><em>Divae</em></span> <span class='ocrx_word' id='word_1_116' title='bbox 1376 2800 1488 2892; x_wconf 78' lang='lat' dir='ltr'><em>Birail·</em></span> 
     </span>
     <span class='ocr_line' id='line_1_20' title="bbox 265 2913 1487 3007; baseline -0.002 -20"><span class='ocrx_word' id='word_1_117' title='bbox 265 2920 321 2987; x_wconf 90' lang='lat' dir='ltr'><em>loe</em></span> <span class='ocrx_word' id='word_1_118' title='bbox 346 2914 562 3006; x_wconf 84' lang='lat' dir='ltr'><em>nuncupatis,</em></span> <span class='ocrx_word' id='word_1_119' title='bbox 576 2913 690 3007; x_wconf 81' lang='lat' dir='ltr'><em>fideles</em></span> <span class='ocrx_word' id='word_1_120' title='bbox 716 2917 795 2988; x_wconf 89' lang='lat' dir='ltr'><em>illas</em></span> <span class='ocrx_word' id='word_1_121' title='bbox 823 2917 975 2988; x_wconf 86' lang='lat' dir='ltr'><em>Coronas</em></span> <span class='ocrx_word' id='word_1_122' title='bbox 1000 2918 1180 2990; x_wconf 71' lang='lat' dir='ltr'><em>recitantes</em></span> <span class='ocrx_word' id='word_1_123' title='bbox 1206 2920 1405 2990; x_wconf 87' lang='lat' dir='ltr'><em>lenenlurne</em></span> <span class='ocrx_word' id='word_1_124' title='bbox 1431 2929 1487 2984; x_wconf 89' lang='lat' dir='ltr'><em>ne·</em></span> 
     </span>
     <span class='ocr_line' id='line_1_21' title="bbox 267 3023 1486 3122; baseline -0.002 -23"><span class='ocrx_word' id='word_1_125' title='bbox 267 3025 374 3100; x_wconf 91' lang='lat' dir='ltr'><em>ditari</em></span> <span class='ocrx_word' id='word_1_126' title='bbox 400 3026 593 3117; x_wconf 80' lang='lat' dir='ltr'><em>quindecim</em></span> <span class='ocrx_word' id='word_1_127' title='bbox 618 3030 783 3118; x_wconf 76' lang='lat' dir='ltr'><em>blusteria</em></span> <span class='ocrx_word' id='word_1_128' title='bbox 810 3031 850 3102; x_wconf 86' lang='lat' dir='ltr'><em>lt.</em></span> <span class='ocrx_word' id='word_1_129' title='bbox 876 3029 921 3101; x_wconf 88' lang='lat' dir='ltr'><em>N.</em></span> <span class='ocrx_word' id='word_1_130' title='bbox 947 3030 976 3101; x_wconf 89' lang='lat' dir='ltr'><em>l.</em></span> <span class='ocrx_word' id='word_1_131' title='bbox 1006 3030 1040 3104; x_wconf 85' lang='lat' dir='ltr'><em>C.</em></span> <span class='ocrx_word' id='word_1_132' title='bbox 1067 3034 1106 3102; x_wconf 90' lang='lat' dir='ltr'><em>ut</em></span> <span class='ocrx_word' id='word_1_133' title='bbox 1130 3029 1370 3122; x_wconf 68' lang='lat' dir='ltr'><em>indulcentias</em></span> <span class='ocrx_word' id='word_1_134' title='bbox 1390 3023 1486 3122; x_wconf 82' lang='lat' dir='ltr'><em>puci-</em></span> 
     </span>
     <span class='ocr_line' id='line_1_22' title="bbox 261 3140 540 3231; baseline -0.007 -19"><span class='ocrx_word' id='word_1_135' title='bbox 261 3157 345 3231; x_wconf 84' lang='lat' dir='ltr'><em>pere</em></span> <span class='ocrx_word' id='word_1_136' title='bbox 371 3140 540 3212; x_wconf 79' lang='lat' dir='ltr'><em>ualeant?</em></span> 
     </span>
    </p>

    <p class='ocr_par' dir='ltr' id='par_1_9' title="bbox 339 3252 1111 3345">
     <span class='ocr_line' id='line_1_23' title="bbox 339 3252 1111 3345; baseline 0.008 -23"><span class='ocrx_word' id='word_1_137' title='bbox 339 3252 412 3324; x_wconf 89' lang='lat' dir='ltr'><em>Sne.</em></span> <span class='ocrx_word' id='word_1_138' title='bbox 440 3253 658 3343; x_wconf 78' lang='lat' dir='ltr'><em>congregotio</em></span> <span class='ocrx_word' id='word_1_139' title='bbox 684 3253 856 3345; x_wconf 78' lang='lat' dir='ltr'><em>respondit</em></span> <span class='ocrx_word' id='word_1_140' title='bbox 880 3254 1111 3345; x_wconf 74' lang='lat' dir='ltr'><em>«Negotiis».</em></span> 
     </span>
    </p>

    <p class='ocr_par' dir='ltr' id='par_1_10' title="bbox 269 3357 1487 3572">
     <span class='ocr_line' id='line_1_24' title="bbox 341 3357 1487 3457; baseline -0.001 -25"><span class='ocrx_word' id='word_1_141' title='bbox 341 3361 392 3433; x_wconf 59' lang='grc' dir='ltr'><em>ΞΡ</em></span> <span class='ocrx_word' id='word_1_142' title='bbox 419 3364 574 3435; x_wconf 87' lang='lat' dir='ltr'><em>Dalurnc</em></span> <span class='ocrx_word' id='word_1_143' title='bbox 600 3362 720 3436; x_wconf 89' lang='lat' dir='ltr'><em>codun</em></span> <span class='ocrx_word' id='word_1_144' title='bbox 746 3365 915 3455; x_wconf 76' lang='lat' dir='ltr'><em>obliaalio</em></span> <span class='ocrx_word' id='word_1_145' title='bbox 942 3368 1106 3457; x_wconf 77' lang='lat' dir='ltr'><em>Musleria</em></span> <span class='ocrx_word' id='word_1_146' title='bbox 1130 3365 1335 3448; x_wconf 88' lang='lat' dir='ltr'><em>meditandi,</em></span> <span class='ocrx_word' id='word_1_147' title='bbox 1365 3357 1487 3456; x_wconf 82' lang='lat' dir='ltr'><em>quondo</em></span> 
     </span>
     <span class='ocr_line' id='line_1_25' title="bbox 269 3471 1487 3572; baseline 0 -26"><span class='ocrx_word' id='word_1_148' title='bbox 269 3475 410 3546; x_wconf 88' lang='lat' dir='ltr'><em>Coronis</em></span> <span class='ocrx_word' id='word_1_149' title='bbox 435 3476 614 3566; x_wconf 80' lang='lat' dir='ltr'><em>applicata</em></span> <span class='ocrx_word' id='word_1_150' title='bbox 639 3476 705 3568; x_wconf 76' lang='lat' dir='ltr'><em>lecit</em></span> <span class='ocrx_word' id='word_1_151' title='bbox 738 3477 924 3554; x_wconf 76' lang='lat' dir='ltr'><em>benedictio</em></span> <span class='ocrx_word' id='word_1_152' title='bbox 951 3497 1028 3548; x_wconf 89' lang='lat' dir='ltr'><em>cum</em></span> <span class='ocrx_word' id='word_1_153' title='bbox 1045 3479 1271 3572; x_wconf 75' lang='lat' dir='ltr'><em>luduleenliis</em></span> <span class='ocrx_word' id='word_1_154' title='bbox 1288 3471 1487 3551; x_wconf 75' lang='lat' dir='ltr'><em>ordinaris?</em></span> 
     </span>
    </p>

    <p class='ocr_par' dir='ltr' id='par_1_11' title="bbox 268 3583 1489 4017">
     <span class='ocr_line' id='line_1_26' title="bbox 343 3583 1489 3681; baseline 0 -24"><span class='ocrx_word' id='word_1_155' title='bbox 343 3586 415 3658; x_wconf 82' lang='lat' dir='ltr'><em>Soc.</em></span> <span class='ocrx_word' id='word_1_156' title='bbox 442 3586 661 3677; x_wconf 78' lang='lat' dir='ltr'><em>congregotio</em></span> <span class='ocrx_word' id='word_1_157' title='bbox 687 3589 858 3680; x_wconf 83' lang='lat' dir='ltr'><em>respondit</em></span> <span class='ocrx_word' id='word_1_158' title='bbox 883 3591 1075 3681; x_wconf 78' lang='lat' dir='ltr'><em>‹Negalire</em></span> <span class='ocrx_word' id='word_1_159' title='bbox 1093 3593 1121 3664; x_wconf 91' lang='lat' dir='ltr'><em>si</em></span> <span class='ocrx_word' id='word_1_160' title='bbox 1143 3590 1332 3666; x_wconf 84' lang='lat' dir='ltr'><em>benedictio</em></span> <span class='ocrx_word' id='word_1_161' title='bbox 1350 3583 1489 3679; x_wconf 83' lang='lat' dir='ltr'><em>respiciat</em></span> 
     </span>
     <span class='ocr_line' id='line_1_27' title="bbox 270 3698 1487 3792; baseline -0.003 -22"><span class='ocrx_word' id='word_1_162' title='bbox 270 3698 494 3789; x_wconf 81' lang='lat' dir='ltr'><em>indulgentias</em></span> <span class='ocrx_word' id='word_1_163' title='bbox 520 3705 708 3783; x_wconf 83' lang='lat' dir='ltr'><em>consuetas,</em></span> <span class='ocrx_word' id='word_1_164' title='bbox 735 3719 822 3790; x_wconf 85' lang='lat' dir='ltr'><em>quoe</em></span> <span class='ocrx_word' id='word_1_165' title='bbox 847 3703 990 3774; x_wconf 82' lang='lat' dir='ltr'><em>citantur</em></span> <span class='ocrx_word' id='word_1_166' title='bbox 1005 3710 1043 3776; x_wconf 88' lang='lat' dir='ltr'><em>ul</em></span> <span class='ocrx_word' id='word_1_167' title='bbox 1059 3703 1092 3776; x_wconf 91' lang='lat' dir='ltr'><em>in</em></span> <span class='ocrx_word' id='word_1_168' title='bbox 1118 3705 1258 3778; x_wconf 88' lang='lat' dir='ltr'><em>elencho</em></span> <span class='ocrx_word' id='word_1_169' title='bbox 1274 3722 1318 3776; x_wconf 84' lang='lat' dir='ltr'><em>ex</em></span> <span class='ocrx_word' id='word_1_170' title='bbox 1336 3703 1487 3792; x_wconf 77' lang='lat' dir='ltr'><em>Typogn·</em></span> 
     </span>
     <span class='ocr_line' id='line_1_28' title="bbox 268 3810 1489 3903; baseline -0.002 -21"><span class='ocrx_word' id='word_1_171' title='bbox 268 3811 409 3901; x_wconf 83' lang='lat' dir='ltr'><em>poian.</em></span> <span class='ocrx_word' id='word_1_172' title='bbox 436 3810 473 3883; x_wconf 86' lang='lat' dir='ltr'><em>C.</em></span> <span class='ocrx_word' id='word_1_173' title='bbox 500 3811 538 3884; x_wconf 84' lang='grc' dir='ltr'><em>Α.</em></span> <span class='ocrx_word' id='word_1_174' title='bbox 567 3830 654 3883; x_wconf 82' lang='lat' dir='ltr'><em>anno</em></span> <span class='ocrx_word' id='word_1_175' title='bbox 683 3817 771 3884; x_wconf 80' lang='grc'><strong>1831</strong></span> <span class='ocrx_word' id='word_1_176' title='bbox 803 3813 940 3903; x_wconf 81' lang='lat' dir='ltr'><em>edito›;</em></span> <span class='ocrx_word' id='word_1_177' title='bbox 966 3814 1172 3890; x_wconf 76' lang='lat' dir='ltr'><em>Affirmative</em></span> <span class='ocrx_word' id='word_1_178' title='bbox 1185 3817 1213 3888; x_wconf 90' lang='lat' dir='ltr'><em>si</em></span> <span class='ocrx_word' id='word_1_179' title='bbox 1228 3817 1380 3896; x_wconf 85' lang='lat' dir='ltr'><em>Coronae</em></span> <span class='ocrx_word' id='word_1_180' title='bbox 1403 3812 1489 3885; x_wconf 83' lang='lat' dir='ltr'><em>bene</em></span> 
     </span>
     <span class='ocr_line' id='line_1_29' title="bbox 268 3920 1270 4017; baseline 0.005 -23"><span class='ocrx_word' id='word_1_181' title='bbox 268 3920 421 3994; x_wconf 86' lang='lat' dir='ltr'><em>dicantur</em></span> <span class='ocrx_word' id='word_1_182' title='bbox 446 3941 522 3995; x_wconf 88' lang='lat' dir='ltr'><em>eum</em></span> <span class='ocrx_word' id='word_1_183' title='bbox 548 3922 765 4015; x_wconf 84' lang='lat' dir='ltr'><em>indulgentiis</em></span> <span class='ocrx_word' id='word_1_184' title='bbox 790 3943 852 4017; x_wconf 88' lang='lat' dir='ltr'><em>pro</em></span> <span class='ocrx_word' id='word_1_185' title='bbox 877 3926 1069 4000; x_wconf 86' lang='lat' dir='ltr'><em>recitatione</em></span> <span class='ocrx_word' id='word_1_186' title='bbox 1095 3927 1221 4000; x_wconf 84' lang='lat' dir='ltr'><em>Rosnrii</em></span> <span class='ocrx_word' id='word_1_187' title='bbox 1235 3957 1270 3999; x_wconf 74' lang='grc' dir='ltr'><em>ι.</em></span> 
     </span>
    </p>

    <p class='ocr_par' dir='ltr' id='par_1_12' title="bbox 270 4030 1489 4244">
     <span class='ocr_line' id='line_1_30' title="bbox 344 4030 1489 4132; baseline 0.001 -28"><span class='ocrx_word' id='word_1_188' title='bbox 344 4032 394 4104; x_wconf 83' lang='lat'><em>3.⁰</em></span> <span class='ocrx_word' id='word_1_189' title='bbox 421 4034 459 4106; x_wconf 84' lang='lat' dir='ltr'><em>Si</em></span> <span class='ocrx_word' id='word_1_190' title='bbox 484 4034 688 4126; x_wconf 80' lang='lat' dir='ltr'><em>affirmative</em></span> <span class='ocrx_word' id='word_1_191' title='bbox 713 4037 971 4128; x_wconf 77' lang='lat' dir='ltr'><em>respondeatur,</em></span> <span class='ocrx_word' id='word_1_192' title='bbox 999 4039 1129 4112; x_wconf 90' lang='lat' dir='ltr'><em>ablatio</em></span> <span class='ocrx_word' id='word_1_193' title='bbox 1154 4039 1311 4132; x_wconf 83' lang='lat' dir='ltr'><em>specialis</em></span> <span class='ocrx_word' id='word_1_194' title='bbox 1329 4030 1489 4127; x_wconf 72' lang='lat' dir='ltr'><em>cresudo-</em></span> 
     </span>
     <span class='ocr_line' id='line_1_31' title="bbox 270 4144 1431 4244; baseline 0.007 -28"><span class='ocrx_word' id='word_1_195' title='bbox 270 4161 348 4217; x_wconf 87' lang='lat' dir='ltr'><em>rurn</em></span> <span class='ocrx_word' id='word_1_196' title='bbox 374 4144 469 4218; x_wconf 89' lang='lat' dir='ltr'><em>debet</em></span> <span class='ocrx_word' id='word_1_197' title='bbox 494 4166 536 4220; x_wconf 90' lang='lat' dir='ltr'><em>ne</em></span> <span class='ocrx_word' id='word_1_198' title='bbox 560 4149 634 4240; x_wconf 76' lang='lat' dir='ltr'><em>fieri</em></span> <span class='ocrx_word' id='word_1_199' title='bbox 660 4154 846 4241; x_wconf 80' lang='lat' dir='ltr'><em>antequam</em></span> <span class='ocrx_word' id='word_1_200' title='bbox 871 4151 1029 4244; x_wconf 75' lang='lat' dir='ltr'><em>siculotae</em></span> <span class='ocrx_word' id='word_1_201' title='bbox 1054 4151 1198 4228; x_wconf 88' lang='lat' dir='ltr'><em>decades</em></span> <span class='ocrx_word' id='word_1_202' title='bbox 1222 4148 1431 4226; x_wconf 76' lang='lat' dir='ltr'><em>recitennrl</em></span> 
     </span>
    </p>

    <p class='ocr_par' dir='ltr' id='par_1_13' title="bbox 348 4257 835 4356">
     <span class='ocr_line' id='line_1_32' title="bbox 348 4257 835 4356; baseline 0.014 -27"><span class='ocrx_word' id='word_1_203' title='bbox 348 4257 582 4350; x_wconf 79' lang='lat' dir='ltr'><em>Respondebo</em></span> <span class='ocrx_word' id='word_1_204' title='bbox 606 4261 835 4356; x_wconf 78' lang='lat' dir='ltr'><em>«negative».</em></span> 
     </span>
    </p>
   </div>
   <div class='ocr_carea' id='block_1_8' title="bbox 0 0 1587 4918">
    <p class='ocr_par' dir='ltr' id='par_1_14' title="bbox 0 0 1587 4918">
     <span class='ocr_line' id='line_1_33' title="bbox 0 0 1587 4918; baseline 0 0"><span class='ocrx_word' id='word_1_205' title='bbox 0 0 1587 4918; x_wconf 95' lang='lat' dir='ltr'><em> </em></span> 
     </span>
    </p>
   </div>
  </div>
 </body>
</html>
