3182 4922
759 361 804 378 -
833 329 904 394 300
931 361 977 378 -

256 489 296 544 ac
321 468 556 560 indulgentias,
578 466 754 540 animabus
769 483 905 558 quoque
921 465 957 538 in
974 464 1167 556 Purgatorio
1183 463 1327 538 detentis
1343 481 1405 557 per
1421 478 1495 538 mo·

257 584 338 656 dnm
364 581 511 672 suffragii
538 579 767 676 applicabiles,
793 578 946 651 videlicet
965 606 1000 649 ι.

298 773 303 782 ,
332 699 347 764 l
379 692 620 784 indulgentiam
639 692 823 764 Plenariam
839 699 911 765 tum
929 689 983 762 die
1001 693 1021 761 3
1040 690 1116 763 lllaii
1136 689 1171 762 in
1188 687 1272 762 festo
1288 688 1497 764 inventionis

254 805 491 879 Sanctissimae
516 803 631 876 Crucis
656 804 695 875 D.
721 803 760 876 N.
786 803 814 874 1.
841 803 896 887 c.,
931 821 1018 894 quae
1047 801 1271 876 anniversaria
1296 808 1349 876 est
1369 802 1496 898 ,nanda

256 917 355 992 tionis
372 917 473 1008 buius
490 915 672 1000 societatis,
691 932 846 1007 quaeque
862 914 1016 1006 Lugduni
1033 914 1170 1004 contigit
1186 931 1273 986 anuo
1293 918 1400 998 1832,
1420 921 1495 988 tum

165 1025 172 1042 '
255 1028 309 1103 die
336 1033 356 1100 3
383 1026 577 1104 Decembris
603 1028 636 1099 in
662 1026 746 1100 13313
772 1045 893 1119 nempe
919 1026 953 1099 S.
976 1026 1145 1099 Francisci
1171 1027 1316 1110 xaverii,
1339 1027 1497 1120 ejusdem

254 1141 428 1216 societatis
453 1140 586 1214 Patroni
612 1141 775 1223 eoelestis,
802 1139 1025 1232 incipiendam
1043 1159 1061 1212 3
1077 1139 1195 1232 primis
1214 1140 1365 1232 vesperis
1383 1159 1498 1233 usque

254 1253 298 1328 ad
322 1254 458 1328 ultimae
483 1253 659 1345 utriusque
675 1253 749 1326 festi
766 1252 897 1325 Dctidui
914 1252 979 1325 diei
1005 1252 1085 1324 solis
1107 1270 1275 1338 occasum,
1292 1255 1399 1326 semel
1419 1261 1496 1326 tan·

255 1375 327 1442 tum
340 1365 503 1460 ejusmodi
518 1365 649 1439 dierum
662 1364 770 1456 spatio
783 1363 1030 1456 acquirendam,
1045 1364 1229 1439 dummodo
1241 1365 1398 1457 adscripti
1413 1385 1496 1440 vere

253 1479 473 1576 poenitentes,
491 1478 645 1561 confessi,
663 1495 824 1568 sacraque
841 1477 1085 1550 communione
1102 1477 1215 1550 relecti
1229 1478 1282 1550 vel
1294 1477 1494 1566 Ecclesiam,

254 1610 316 1668 seu
341 1591 512 1685 publicum
538 1589 725 1663 oratorium
752 1590 826 1681 piae
851 1589 1005 1661 societati
1036 1588 1215 1672 addictum,
1241 1590 1295 1662 vel
1319 1593 1494 1683 propriam

253 1703 436 1778 Ecclesiam
449 1701 672 1795 parochialem
686 1700 805 1774 devote
818 1701 1033 1785 visitaverint,
1048 1700 1162 1792 ibique
1179 1719 1239 1794 per
1256 1701 1393 1794 aliquod
1409 1710 1496 1778 tem

253 1816 345 1908 poris
369 1815 512 1908 spatium
537 1815 632 1906 iusta
657 1813 844 1887 sanctitatis
869 1815 958 1886 suae
984 1819 1130 1886 mentem
1157 1814 1333 1887 oraverint.

266 1983 271 1990 .
326 1927 468 2014 Quodsi
485 1926 567 2000 festa
593 1925 785 2018 hujusmodi
803 1945 821 1996 3
839 1926 892 2018 pia
917 1925 1082 2000 societate
1106 1925 1140 1998 in
1165 1925 1246 1999 locis
1264 1927 1322 2000 nbi
1342 1928 1495 2020 legitime

251 2039 428 2112 constituta
453 2045 514 2123 est,
542 2038 752 2112 celebrentur
778 2037 898 2110 debitis
924 2057 1001 2110 cum
1027 2037 1239 2122 facultatibus
1259 2039 1330 2114 aliis
1355 2039 1494 2128 diebus,

253 2157 286 2224 et
311 2151 395 2224 baec
411 2151 589 2225 celebratio
607 2149 822 2223 transferatur
839 2155 915 2242 post
939 2149 1114 2240 utriusque
1131 2156 1266 2224 octavae
1290 2151 1392 2233 dicun
1411 2155 1496 2228 San·

252 2265 347 2339 ctitas
373 2267 441 2337 sua
467 2263 615 2348 indulsit,
642 2269 680 2336 ut
705 2262 872 2355 adscripti,
890 2263 947 2354 qui
964 2263 1085 2336 dictam
1111 2263 1295 2338 Plenariam
1312 2264 1496 2360 indulgen·

253 2379 331 2451 tiam
357 2377 412 2450 die
439 2383 459 2449 3
487 2377 631 2468 11131133
655 2376 710 2448 die
728 2381 748 2448 3
767 2376 970 2461 Decembris,
990 2377 1042 2448 vel
1060 2375 1142 2448 infra
1167 2378 1351 2470 respectiva
1370 2398 1495 2456 eornm

250 2491 411 2564 festorum
429 2489 560 2562 octiduo
577 2487 669 2560 baud
685 2488 800 2561 lucrati
825 2487 969 2572 luerunt,
997 2486 1149 2562 eamdem
1174 2489 1360 2562 Plenarium
1379 2493 1495 2567 ludul-

251 2603 407 2695 geutiam,
434 2601 474 2685 si,
492 2607 529 2674 ut
554 2620 666 2693 supra,
684 2602 746 2674 rite
762 2601 913 2692 dispositi
938 2600 1131 2706 Ecclesiam,
1149 2602 1204 2674 vel
1219 2602 1393 2694 publicum
1412 2607 1494 2680 Ora-

251 2715 384 2798 lorium,
402 2714 461 2787 ubi
478 2714 559 2787 festa
576 2713 744 2807 praedicta
761 2713 980 2796 celebrantur,
999 2712 1118 2787 devote
1135 2714 1350 2800 visitaverint,
1374 2717 1495 2812 ibique

224 2867 230 2882 ·
250 2845 312 2920 per
338 2825 473 2917 aliquod
489 2827 649 2918 temporis
665 2825 809 2917 spatium
825 2826 920 2916 iuxta
936 2831 1083 2916 mentem
1101 2826 1287 2900 sanctitatis
1309 2829 1400 2904 suae
1416 2835 1492 2924 pias

234 2937 298 3046 ,ad
319 2940 427 3012 Deum
460 2955 578 3030 preces
611 2937 806 3022 eliuderint,
836 2937 957 3010 lucrari
987 2937 1117 3010 valeant
1142 2957 1161 3010 a
1186 2938 1303 3030 primis
1335 2947 1493 3035 vesperis

244 3036 397 3134 Ι(1131313
423 3069 524 3143 quem
551 3069 675 3135 unum,
702 3051 755 3123 vel
780 3050 920 3122 alterum
947 3068 990 3122 ex
1020 3049 1116 3124 dictis
1145 3049 1238 3124 lestis
1271 3054 1490 3144 transfertur,

250 3163 428 3256 usquead
453 3181 609 3236 oceasum
637 3163 716 3235 solis
742 3162 894 3254 ejusdem
920 3160 1003 3250 diei;
1030 3169 1064 3234 et
1088 3163 1218 3254 quoties
1245 3164 1308 3256 ipsi
1328 3165 1491 3262 adscripti

249 3275 444 3368 mspectivis
471 3274 602 3348 Tridnis
627 3273 712 3347 dieta
737 3275 832 3358 festa,
850 3274 998 3347 331333
1024 3274 1233 3348 celebrantur
1256 3275 1320 3360 die,
1347 3297 1420 3370 quo
1437 3281 1489 3353 in·

248 3386 372 3472 313331,
399 3388 452 3461 331
478 3385 576 3461 31133
602 3387 637 3460 13
663 3405 753 3472 3333,
780 3401 849 3479 quo
874 3385 992 3460 eadem
1018 3386 1189 3460 transferri
1213 3389 1396 3481 contingat,
1424 3395 1488 3466 im·

247 3497 392 3574 mediate
417 3497 705 3592 praecedentibus,
724 3517 742 3571 a
759 3499 813 3591 pia
831 3499 994 3572 societate
1011 3498 1229 3583 celebrandis,
1247 3500 1347 3574 cordo
1364 3505 1487 3578 saltem

247 3611 388 3685 contrito
412 3611 630 3712 interfuerint,
657 3611 755 3684 toties
775 3617 961 3686 tercentum
986 3610 1116 3686 dierum
1143 3609 1388 3704 indulgentiam
1405 3633 1484 3690 oon·

247 3723 358 3798 cessit.
569 3793 572 3802 ,
836 3779 842 3786 .

320 3841 343 3908 2
369 3835 451 3910 ltem
476 3835 719 3928 indulgentiam
744 3835 930 3910 Plenariam
955 3841 1027 3913 133
1051 3833 1245 3910 lucrandam
1263 3837 1306 3910 ab
1324 3840 1482 3914 omnibus

244 3947 320 4040 piae
345 3947 500 4022 societati
525 3949 699 4042 adscriptis
716 3949 749 4021 in
766 3947 832 4033 die,
850 3967 917 4041 qua
938 3949 1064 4040 ubique
1089 3947 1237 4021 locorum
1264 3948 1389 4027 debitis
1405 3971 1483 4027 eum
1589 3993 1590 3996 ¹

245 4058 455 4134 facultatibus
479 4061 585 4144 semel
610 4061 644 4134 iu
669 4079 757 4136 anno
773 4061 831 4134 fiat
856 4061 1014 4135 solemnis
1040 4061 1312 4157 commemoratio
1329 4065 1482 4138 omnium
1589 4105 1590 4120 ι

246 4169 498 4264 adscriptorum,
526 4174 584 4266 qui
611 4173 836 4259 decesserunt,
862 4181 933 4248 tum
961 4173 1024 4257 die,
1051 4191 1118 4264 qua
1140 4173 1260 4246 similis
1277 4192 1482 4250 commemo·

244 4284 327 4357 ratio
352 4285 451 4358 variis
476 4285 511 4358 in
536 4285 635 4370 loeis,
661 4293 694 4362 31
719 4305 796 4362 333
821 4286 941 4362 debitis
965 4283 1175 4362 facultatibus
1196 4285 1254 4362 flet
1278 4305 1297 4361 a
1324 4287 1478 4364 cnusliis
