3164 4926
798 377 844 394 -
874 343 940 410 lut
969 375 1014 392 ·-

292 483 395 563 droco
419 482 562 567 Corsici,
587 489 622 557 ot
645 481 764 558 Donati
790 478 942 574 ejusdem
972 478 1139 554 Ecclesiae
1171 481 1429 574 Episcoporum,
1463 500 1533 558 noc

291 615 362 679 nou
387 596 423 671 in
448 595 519 670 aliis
544 601 675 688 septem
701 593 821 668 dicbus
846 593 1003 668 Novenae
1028 592 1230 677 bominicae,
1256 593 1465 685 coeterisque
1483 595 1535 670 ie·

291 709 359 787 riis·
376 708 483 784 sextis
508 706 809 799 ouamagasimaa
836 725 874 777 ac
899 705 1037 796 reliquis
1067 705 1186 780 dubus
1216 705 1347 782 Octidni
1376 707 1534 782 omnium

292 821 457 901 stomun
483 819 736 904 namnetorum,
762 825 893 911 septem
920 837 1084 896 annorum
1110 817 1317 909 totidemque
1341 818 1536 913 Qoauage

293 955 425 1012 narum.
452 933 617 1010 Omnibus
643 933 743 1010 etiam
769 939 803 1008 el
827 931 967 1023 singulis
993 932 1168 1023 utriusque
1197 950 1302 1006 sexus
1326 931 1536 1008 Cbristliide·

293 1049 382 1126 libus
408 1065 489 1124 vere
513 1047 776 1140 poenitentibus,
803 1051 837 1118 et
861 1045 1034 1129 contessis,
1052 1046 1111 1136 qni
1128 1045 1381 1120 sanctissimum
1399 1046 1536 1120 Enche-

292 1162 405 1238 ristiae
430 1161 686 1236 Sacramentum
713 1158 888 1232 occasione
913 1158 1167 1232 communionis
1188 1159 1352 1250 generalis
1373 1161 1479 1234 semel
1496 1161 1538 1235 in

293 1291 413 1352 meuse
437 1271 649 1366 peragendae
674 1271 708 1344 in
734 1272 852 1346 eadem
878 1272 1026 1345 Ecclesia
1050 1272 1265 1364 sumpserint,
1287 1272 1402 1364 ibique
1418 1279 1456 1346 nt
1472 1293 1536 1348 su-

292 1407 355 1482 pra
378 1385 557 1468 oraverint,
583 1385 619 1458 io
643 1398 712 1458 una
737 1383 926 1468 testivitate,
944 1384 998 1458 vel
1014 1383 1069 1456 die
1089 1383 1189 1458 unius
1206 1384 1333 1458 mensis
1350 1388 1537 1476 quotannis

293 1500 451 1594 Episcopi
476 1497 611 1572 arbitrio
637 1495 854 1588 designanda,
881 1497 1086 1587 Pleneriam3
1113 1498 1147 1570 in
1174 1497 1236 1570 alia
1257 1515 1337 1570 vero
1354 1497 1539 1574 testivitate

295 1613 349 1687 vel
373 1610 432 1686 die
453 1610 663 1704 singulorum
688 1608 894 1700 reliquomm
920 1609 1078 1683 undecim
1097 1611 1266 1682 mensium
1291 1617 1330 1683 ut
1353 1629 1456 1704 supra
1473 1613 1541 1686 eli-

294 1725 405 1820 gendo
437 1730 568 1817 septem
599 1740 764 1798 annorum
796 1721 1003 1814 totidemque
1035 1723 1342 1814 Quadregenarum.
1375 1725 1542 1800 Similiter

295 1838 458 1912 mutassis
484 1855 524 1909 ac
544 1836 579 1908 S.
597 1836 1001 1918 commemoraremus,
1021 1837 1081 1927 qui
1099 1837 1309 1929 Exposilioni
1324 1837 1541 1913 Venerabilis

296 1950 472 2026 occasione
497 1948 655 2022 Exercilii
679 1951 790 2023 Bonae
814 1949 929 2024 Mortis
959 1949 994 2023 iu
1022 1967 1090 2022 une
1118 1949 1294 2024 festivitate
1319 1951 1372 2024 vel
1396 1950 1452 2024 die
1477 1971 1543 2026 cu·

293 2063 430 2160 juslibet
455 2062 597 2148 mensio,
626 2063 732 2136 semel
757 2081 818 2155 per
844 2061 1058 2134 Ordluerium
1087 2060 1353 2153 designandam
1385 2065 1542 2156 praelata

295 2175 446 2252 melmin
469 2173 641 2248 faciendae
666 2174 885 2259 interfuerint,
912 2175 1026 2268 ibique
1047 2179 1083 2249 ul
1099 2193 1202 2266 supra
1217 2176 1395 2261 oraverint,
1413 2177 1447 2249 in
1464 2199 1542 2252 una

298 2289 485 2372 festivitate,
512 2289 565 2361 vol
591 2287 645 2360 die
671 2287 771 2360 unius
796 2288 923 2360 mensis
948 2307 1009 2380 per
1039 2285 1251 2360 ordinarium
1277 2287 1428 2380 eligenda
1458 2292 1541 2365 Ple-

296 2403 436 2488 nariam,
462 2402 498 2474 in
523 2402 594 2474 allis
612 2420 692 2475 vero
717 2402 856 2493 singulis
888 2401 1046 2476 undecim
1078 2401 1308 2476 testivitatibus
1335 2404 1388 2476 vel
1412 2403 1542 2479 diebus

296 2523 430 2611 septem
455 2533 620 2588 annorum
646 2515 854 2606 totidemque
879 2516 1185 2608 Quadragenarum.
1219 2516 1342 2590 lisdem
1374 2517 1544 2592 Christiil-

298 2629 429 2703 dolibus
455 2627 573 2699 saltem
599 2624 700 2698 cordo
725 2626 892 2710 contritis,
919 2627 978 2718 qui
1010 2627 1130 2700 diebus
1162 2627 1348 2702 Stationnm
1370 2630 1467 2721 juxta
1494 2633 1545 2704 ri·

298 2745 371 2814 rum
395 2737 538 2812 blissalis
563 2738 705 2810 Romani
731 2738 885 2812 eamdem
910 2740 1096 2812 Ecclesiam¹
1109 2740 1323 2825 visitaverint,
1341 2742 1456 2834 ibique
1472 2764 1545 2836 per

299 2851 435 2944 aliquod
460 2851 624 2943 temporis
649 2852 795 2945 spatium
820 2853 997 2935 oraverint,
1024 2851 1159 2925 easdem
1184 2852 1420 2946 indulgentias,
1447 2875 1545 2948 quas

299 2971 598 3057 consequerentur,
624 2965 654 3038 sl
680 2963 799 3038 iisdem
825 2964 945 3039 diebus
970 2965 1135 3038 Ecclesias
1153 2967 1338 3041 stationum
1353 2969 1462 3054 Urbis,
1480 2975 1547 3047 vel

298 3085 395 3154 extra
419 3077 507 3151 illius
532 3095 649 3150 muros
675 3077 873 3162 existentes,
900 3078 1082 3164 visitarant,
1109 3085 1142 3152 et
1167 3081 1448 3174 quotiescumque
1480 3083 1546 3158 Al-

299 3201 371 3268 tme
396 3193 432 3265 in
457 3209 525 3284 quo
550 3207 673 3284 corpus
699 3191 857 3284 praedicti
884 3193 918 3264 S.
945 3193 1077 3264 llomuli
1102 3192 1220 3266 colitur
1244 3195 1279 3266 in
1296 3197 1368 3288 ipsa
1385 3196 1545 3272 Ecclesia

299 3305 401 3380 situm
426 3303 642 3390 visitaverint,
668 3303 782 3396 ibique
799 3313 954 3397 utsupra
971 3308 1148 3390 oraverint,
1166 3307 1384 3400 quadraginta
1401 3307 1544 3385 dierum

299 3420 406 3494 semol
429 3417 466 3490 in
490 3416 545 3490 die
569 3435 630 3509 per
654 3436 933 3510 unumquemque
958 3419 1236 3494 lucrifaciendam.

372 3531 537 3606 Omnibus
553 3531 634 3604 item
651 3529 929 3606 christifidelibus
947 3551 1026 3604 vere
1042 3535 1302 3624 poenitentibus,
1320 3535 1483 3611 confessis
1505 3549 1545 3614 et

299 3647 335 3720 8.
361 3645 606 3720 communione
631 3643 762 3720 reiectis
793 3647 851 3736 qui
882 3645 1064 3718 Ecclesiam
1089 3647 1229 3719 Sanctae
1254 3649 1376 3722 Mariae
1404 3652 1546 3727 Primo-

299 3777 411 3834 ronur
435 3763 617 3851 nuncupat.
644 3758 679 3828 in
703 3757 934 3830 festivitatibus
960 3757 1201 3832 Purificationls
1227 3767 1259 3834 ct
1284 3762 1543 3855 assumptionis

300 3873 338 3947 ll.
363 3869 715 3946 burnunculum
733 3889 752 3941 a
769 3869 886 3962 primis
912 3871 1063 3963 vesperis
1087 3891 1197 3964 usque
1214 3873 1257 3947 ad
1273 3893 1429 3950 occasum
1450 3879 1543 3954 solis

297 3983 514 4058 testivitatem
532 3980 725 4072 hujusmodi
742 3983 955 4066 visitaverint,
970 3983 1083 4076 ibique
1099 3991 1137 4058 nt
1152 3988 1338 4077 praefertur
1353 3990 1541 4080 oraverint,

301 4096 497 4180 Plenariam,
523 4094 679 4187 quivero
697 4094 730 4167 in
755 4095 987 4170 lestlvltatibus
1012 4095 1296 4185 Annunciationis
1314 4101 1541 4192 visitationis,

301 4207 494 4292 Nativitatls
521 4207 809 4292 Praesentallonis‚
827 4215 861 4282 et
877 4210 1111 4303 conceptionis
1136 4213 1289 4304 ejusdem
1305 4215 1340 4286 B.
1359 4215 1401 4290 ll.
1419 4216 1461 4288 V.
1481 4235 1544 4292 ea-

304 4322 382 4397 dem
406 4321 607 4418 peregerint,
634 4328 763 4418 septem
790 4341 954 4400 annornm
982 4329 1014 4398 et
1040 4325 1176 4402 totidem
1201 4325 1512 4419 Quadragenarmn.
