3182 4922
754 343 969 410 -506-

227 499 297 575 pro
330 479 486 575 detancto
519 479 660 556 Missam
683 477 721 551 in
745 481 809 553 tali
841 480 956 554 Attari
988 477 1127 560 dixerit,
1154 479 1279 552 litteral
1311 478 1484 550 amintam

233 596 304 684 aas
328 599 388 668 etc.
415 597 495 666 tnnc
520 593 744 686 sacrificinm,
771 597 804 665 et
827 591 1048 683 lndntpentio
1078 609 1150 665 nan
1176 595 1320 684 possent
1344 588 1482 673 malai,

230 705 291 779 secl
314 711 494 798 utramque
515 725 583 798 pro
609 703 727 778 eodem
751 703 908 798 msancto
926 709 975 777 est
998 703 1257 797 applicandam.
1282 704 1431 777 Pariter
1449 703 1486 776 si

229 817 407 911 motator,
433 824 496 891 ant
519 820 640 911 stipem
664 836 811 909 eropans
836 817 992 909 imponat
1017 835 1101 890 onas
1126 815 1325 890 moerendi
1349 818 1388 889 in
1416 817 1487 890 At·

232 931 303 1002 tari
323 931 557 1022 privilepiata
585 929 801 1002 divisibilitas
826 929 938 1002 locam
962 945 1041 1018 noa,
1058 927 1176 1002 latret:
1197 949 1263 1022 per
1280 929 1485 1021 impositio·

230 1061 308 1114 nem
334 1043 458 1135 qnippe
484 1043 564 1116 latis
589 1044 700 1116 oneris
725 1047 877 1116 censetor
902 1043 1007 1116 etiam
1031 1043 1176 1115 ootaisse
1200 1041 1489 1134 applicationem

230 1151 484 1244 lostatpmtiae.
513 1155 550 1226 Si
575 1159 691 1226 aetem
715 1155 752 1226 in
777 1153 915 1227 inanito
941 1154 1102 1226 ammaum
1126 1154 1231 1246 [amit
1246 1159 1307 1226 etc.
1332 1171 1399 1246 pro
1419 1153 1490 1228 do-
1517 1233 1520 1242 ,

230 1263 353 1350 iuncto,
381 1264 440 1338 sect
465 1270 599 1339 tantam
616 1265 737 1339 aaran
753 1267 857 1359 inerit
874 1266 1053 1340 ordinario
1079 1265 1182 1340 morto
1205 1285 1273 1359 pro
1290 1267 1490 1340 Altaritms

227 1378 466 1470 prioitepiatis,
494 1383 574 1451 tanc
598 1377 708 1452 dividi
728 1384 841 1471 potest
866 1378 1096 1470 Inclatpentia,
1123 1379 1249 1452 scilicet
1266 1380 1386 1471 offerri
1408 1381 1486 1452 Sa·

230 1490 395 1584 crificium
415 1511 484 1584 pro
508 1509 589 1573 ano,
617 1495 649 1564 et
674 1491 893 1584 lndnlpenlia
910 1493 1084 1586 applicari
1095 1511 1163 1584 pro
1189 1493 1310 1565 altero.
1330 1492 1388 1564 Sic
1409 1494 1487 1565 Sa·

229 1602 348 1677 certas
373 1621 457 1678 onas
483 1603 611 1677 itabens
635 1604 864 1698 sacrificandi,
881 1605 941 1678 sed
957 1623 1027 1678 mon
1043 1606 1079 1678 in
1095 1605 1211 1678 Alteri
1234 1603 1485 1698 privitaplato,

230 1713 370 1790 adhibet
393 1715 561 1808 mquidem
586 1716 829 1810 oblipationem
854 1737 954 1791 enam
973 1737 1041 1810 per
1065 1717 1333 1811 applicationem
1351 1719 1485 1790 Sacri-

229 1827 307 1922 tlcii,
335 1833 367 1901 et
392 1829 479 1902 liber
503 1834 552 1902 est
575 1829 693 1920 amaad
718 1829 962 1922 otlipaliooem
979 1829 1229 1922 ladalpentiae,
1255 1826 1298 1903 ele
1322 1847 1396 1920 aaa
1415 1847 1485 1903 ne·

231 1941 305 2031 aeli
320 1941 440 2034 stipem
454 1944 642 2035 percipere,
661 1942 754 2034 pacat
773 1943 998 2017 simoniacam
1011 1948 1069 2016 est.
1090 1944 1185 2028 Qaae
1197 1941 1321 2016 solatio
1334 1945 1369 2014 et
1383 1943 1488 2017 milei

228 2051 380 2126 amittet:
396 2072 480 2126 nam
497 2053 717 2146 ladalpeatia
733 2056 838 2128 eliam
852 2073 921 2148 pro
939 2053 1107 2148 detinctis
1130 2059 1180 2128 cst
1200 2053 1328 2127 domm
1344 2071 1391 2126 en
1408 2057 1485 2130 Ec·

228 2166 349 2240 etesiae
375 2165 534 2241 ltiesanro
561 2166 817 2262 depromptam,
854 2169 916 2260 qni
941 2171 1074 2241 canstat
1098 2185 1142 2240 ec
1166 2167 1296 2240 meritis
1322 2165 1482 2254 Gltn'sti,

228 2277 359 2352 Beatae
383 2279 520 2354 Mariae
558 2279 728 2372 Virpiniss
748 2271 964 2354 elatiorem
1003 2281 1220 2362 sanctonam,
1250 2299 1358 2374 opera
1387 2299 1482 2356 vero

230 2389 384 2480 lojancta
409 2396 488 2464 sant
512 2391 661 2466 conditio
694 2394 815 2478 solam,
845 2395 917 2466 sine
945 2411 1015 2485 aea
1045 2393 1198 2486 effectum
1225 2410 1295 2465 mon
1324 2393 1483 2468 sortiter

230 2501 478 2595 lndalpentia:
509 2522 590 2597 erpa
623 2504 723 2577 aliod
754 2510 802 2578 est
834 2505 1071 2598 lmclalpentio,
1105 2505 1205 2578 alteo
1236 2523 1322 2598 opas
1352 2505 1481 2595 immn-

228 2619 330 2688 ctnm.
357 2618 468 2689 Porro
493 2617 524 2688 si
548 2615 735 2710 applicatio
751 2615 1000 2709 ,fndamentm
1016 2635 1085 2710 pro
1106 2617 1186 2689 solis
1203 2614 1372 2709 temnetis
1389 2635 1480 2690 con-

228 2745 341 2800 cessae
369 2729 559 2802 necessario
589 2730 770 2819 conjuncta
800 2733 883 2804 esset
915 2747 993 2801 cam
1020 2729 1254 2822 applicatione
1285 2729 1477 2820 sacrificii,

230 2839 456 2932 sacrificinm,
483 2845 515 2912 et
539 2839 759 2934 lodalpentia
791 2841 917 2933 forent*
935 2859 1058 2922 annm,
1092 2845 1125 2913 et
1156 2839 1264 2923 idem,
1291 2859 1375 2932 erpo
1405 2843 1475 2914 Sa·

227 2951 391 3044 crificinm
421 2971 490 3025 non
524 2959 606 3027 esset
636 2957 769 3026 tantan
802 2971 886 3046 opas
914 2953 1124 3045 ‚impanatum
1150 2972 1211 3026 nec
1245 2951 1478 3044 ladetlpentia

227 3080 271 3135 em
287 3063 456 3137 Ecclesiae
474 3063 633 3138 ttresoaro
648 3064 852 3159 deprompta
860 3085 875 3154 ;
899 3064 958 3138 sect
975 3067 1155 3138 coactare
1172 3064 1304 3157 infinito
1318 3064 1476 3154 omnem

227 3177 406 3272 sacrificii,
425 3179 484 3268 pal
500 3183 588 3251 certe
613 3179 784 3252 Ecclesiae
806 3179 968 3271 potestati
984 3197 1053 3252 non
1070 3179 1192 3261 celest,
1209 3176 1270 3250 sea
1292 3177 1476 3252 volantati

228 3289 293 3362 Dei
315 3287 411 3383 finito
435 3289 539 3363 morta
565 3291 782 3384 applicantis,
802 3291 901 3382 atoni
918 3291 1133 3384 Sacrificium
1158 3293 1368 3364 esitantem
1385 3309 1475 3384 opas

225 3401 425 3491 injunctam,
453 3406 485 3474 et
510 3401 729 3495 lndalpcntia
754 3419 824 3476 nom
848 3421 892 3475 ec
916 3404 1047 3485 valore,
1065 3401 1126 3476 scel
1142 3403 1257 3496 fracta
1284 3402 1472 3497 sacrificii,

227 3531 311 3604 erpo
334 3531 404 3586 noa
428 3518 506 3586 sont
530 3532 649 3596 annm,
676 3519 709 3589 et
732 3515 834 3596 idem,
862 3513 1015 3607 adeoque
1040 3514 1267 3609 Sacrificium,
1293 3518 1326 3586 et
1352 3513 1473 3588 lntlret-

227 3626 345 3718 pontia
370 3624 479 3701 dividi
491 3632 635 3718 possent
658 3629 808 3717 (saltem
833 3627 916 3700 dam
933 3627 1032 3702 aliod
1047 3628 1084 3700 in
1100 3627 1238 3701 lmttalto
1254 3645 1326 3700 non
1348 3627 1467 3721 emper·-

227 3737 363 3830 nitar)
388 3743 420 3812 et
445 3743 684 3830 consequenter
708 3741 745 3814 in
770 3739 835 3813 leac
853 3737 1005 3833 appares·
1031 3738 1198 3814 &cados
1209 3743 1323 3832 polest
1350 3739 1466 3814 Sacri·

227 3851 341 3944 pciam
367 3850 488 3943 affore
509 3871 576 3946 pro
601 3851 1022 3945 nno,et1nctelpentiam
1047 3853 1226 3947 applicare
1245 3871 1315 3945 pro
1341 3853 1464 3926 altero.

228 3963 322 4038 llaec
338 3969 426 4048 sant,
449 3983 538 4058 qaae
562 3965 709 4060 sapienti
733 3965 866 4057 jndicio
892 3971 1015 4050 oestro,
1042 3967 1306 4041 lrlninmtissimi
1329 3967 1462 4047 Patres,

228 4076 437 4166 mojicteaaa
463 4097 530 4153 esse
555 4079 687 4153 deci.

302 4190 412 4286 Atque
438 4193 481 4267 tta
506 4193 580 4335 Soa.
607 4193 828 4292 congregatio
851 4192 1026 4290 respondit
1042 4127 1098 4269 die
1116 4197 1173 4268 31.
1190 4191 1337 4268 ianuarii
1359 4193 1463 4265 tile.
