3214 4928
633 393 826 460 ..Π-

684 587 772 659 xix.

171 705 269 780 inter
297 705 499 800 multiplices
524 707 759 802 indulgentias,
787 729 873 802 quae
899 731 987 786 anno
1015 717 1109 786 1636
1135 713 1341 790 Romaene

99 815 258 890 minatim
288 818 392 893 131333
417 819 601 894 declaratae
617 822 762 907 1333331,
780 831 875 898 erant
890 827 1069 900 nonnullae
1089 826 1340 904 ,1333133313-

100 949 253 1022 pressae,
284 951 373 1022 quas
398 933 606 1006 Clementem
630 935 704 1008 lilii
730 939 937 1012 concessisse
963 939 1157 1014 asserebant
1173 941 1341 1014 Ecclesiae

99 1042 132 1112 S.
158 1045 294 1118 liariae
320 1046 442 1118 Montis
468 1047 609 1136 Serreti;
636 1066 693 1120 333
719 1067 800 1122 vero
825 1066 901 1122 cum
927 1051 962 1122 13
988 1051 1121 1124 decreto
1147 1053 1212 1126 lato
1236 1051 1291 1126 dle
1318 1056 1338 1124 7

100 1155 207 1228 133111
225 1161 329 1228 1768
344 1158 417 1230 Sec.
432 1157 653 1250 congregatio
669 1161 703 1232 in
721 1179 863 1234 numero
879 1161 1037 1236 labarum
1055 1164 1250 1254 reposuerit,
1269 1163 1341 1256 qui·

98 1267 174 1340 dam
200 1287 289 1342 esse
316 1287 408 1340 nune
432 1270 580 1360 primum
605 1271 810 1362 improbatas
836 1273 973 1358 dicunt,
1001 1281 1034 1348 el
1064 1274 1213 1360 addunt,
1240 1276 1340 1348 etiam

100 1387 253 1454 13313333
284 1379 398 1454 eidem
424 1382 591 1455 Ecclesiae
608 1383 650 1454 ab
667 1384 739 1456 aliis
756 1385 915 1457 Romanis
931 1386 1146 1458 Pontificibus
1163 1405 1341 1460 concessas

105 1509 141 1562 ro
159 1493 311 1566 decreto
338 1494 498 1577 revocari,
526 1501 562 1565 nt
579 1496 775 1568 Procurator
792 1497 964 1569 Generalis
981 1497 1255 1588 congregationis
1271 1499 1342 1572 bio-

107 1606 296 1678 3331333333
323 1606 549 1696 Hispanorum
574 1607 708 1678 Ordinis
735 1609 768 1680 S.
796 1609 965 1682 Benedicti
991 1609 1064 1682 Soc.
1088 1609 1343 1700 congregationi

102 1718 284 1810 exposuit;
312 1735 400 1808 quae
425 1724 601 1810 propterea
626 1719 925 1811 supplicationibus
947 1721 1094 1794 oratoris
1111 1721 1265 1796 inclinata
1281 1719 1341 1794 de·

101 1830 199 1902 313331
225 1833 469 1920 (quamquam
493 1849 548 1904 res
573 1831 698 1902 nullam
716 1831 957 1905 dubitationem
978 1833 1104 1920 babet)
1129 1851 1255 1906 novum
1273 1850 1343 1905 non

101 1959 186 2027 esse,
214 1940 412 2034 praedictas
437 1941 662 2034 indulgentias
687 1944 860 2017 tronione
886 1944 1067 2036 impressas
1088 1963 1149 2037 pro
1175 1944 1266 2018 lalsis
1282 1944 1344 2016 ba·

100 2053 183 2138 beri,
211 2060 248 2128 el
277 2052 414 2126 decreto
440 2073 503 2126 sno
528 2054 629 2126 ialsas
647 2055 879 2128 tantummodo
900 2056 1087 2128 declarasse
1103 2055 1341 2148 indulgentias,

100 2185 187 2256 qnae
215 2185 236 2237 3
264 2165 440 2239 Clemente
466 2165 540 2238 liiii
566 2185 747 2240 concessae
773 2168 1007 2240 asserebantur
1031 2167 1200 2241 Ecclesiae
1225 2168 1259 2240 S.
1276 2169 1344 2242 lia·

99 2278 167 2351 riae
193 2277 325 2350 monos
352 2279 486 2363 Serreti,
512 2279 685 2353 avenione
710 2280 905 2371 impressae,
931 2299 1001 2352 non
1026 2279 1106 2353 alias
1136 2299 1154 2352 a
1183 2280 1343 2352 Romanis

101 2390 328 2464 Pontificibus
354 2389 465 2466 eidem
490 2391 658 2464 Ecclesiae
680 2410 857 2466 concessas
875 2391 1111 2483 indulgentias,
1129 2396 1343 2485 pcccatorum

101 2503 326 2576 remissiones
353 2508 387 2575 et
411 2502 599 2596 spirituales
625 2503 758 2596 gratias.
784 2505 911 2576 Romae
937 2501 992 2576 die
1019 2507 1040 2574 6
1066 2501 1272 2574 13111678.

829 2616 868 2688 Α.
897 2615 1000 2689 Cano.
1027 2613 1216 2688 lionoosus.

687 2759 761 2830 XX.

177 2897 270 2972 Gom
296 2897 526 2972 summarium
551 2895 835 2990 induigentiamm
861 2897 1238 2973 brchiconiratemitatis
1267 2894 1343 2970 Cin·

105 3011 445 3084 ploratorum-Sancti
463 3011 641 3103 Augustini
657 3017 691 3084 et
707 3012 847 3084 Sanctae
873 3011 1022 3084 bionicae
1047 3012 1112 3085 sub
1132 3007 1343 3084 invocatione

104 3123 227 3197 1133133
252 3123 400 3213 Virginis
426 3123 547 3197 liariae
572 3123 616 3198 de
642 3123 875 3197 Consolatione
901 3131 1032 3197 erectae
1057 3124 1225 3196 Bononiae
1242 3121 1342 3194 luerit

105 3253 124 3304 3
148 3237 255 3308 Sacra
281 3235 543 3328 congregatione
568 3237 778 3328 recognitum
804 3236 859 3310 die
888 3242 928 3308 11
955 3234 1162 3329 Septembris
1182 3237 1288 3316 1671,
1306 3238 1341 3304 31

105 3365 124 3418 3
149 3347 206 3420 131
234 3347 365 3420 record.
390 3347 560 3424 Clemente
586 3349 618 3420 X
635 3349 879 3433 confirmatum,
899 3367 937 3421 ae
953 3349 1050 3422 Brevi
1066 3348 1229 3420 insertum
1246 3341 1339 3435 quod

105 3458 224 3551 incipit
248 3487 262 3520 ι
286 3461 342 3531 Ee
366 3459 516 3550 13133313
534 3459 643 3533 Ν3613
659 3467 721 3533 etc.
741 3491 752 3523 ι
772 3459 849 3532 dato
867 3459 921 3532 die
938 3465 984 3532 27
1009 3451 1342 3538 destituerentur

106 3569 235 3652 obstet,
265 3571 445 3661 quominus
478 3572 584 3664 possit
616 3589 770 3645 seorsum
797 3591 817 3644 a
842 3571 939 3644 Brevi
964 3573 1085 3646 iterum
1111 3565 1282 3662 imprimi,
1307 3570 1343 3638 et

107 3681 236 3772 ubique
262 3683 480 3774 promulgari3
507 3689 539 3755 et
562 3681 772 3774 indulgentia
798 3683 993 3776 praesertim
1024 3681 1149 3756 ibidem
1179 3693 1342 3771 expressa

108 3813 126 3864 3
151 3793 321 3866 1133113313
346 3797 392 3868 lii
417 3797 452 3869 in
477 3794 650 3867 Dominica
675 3795 796 3868 testum
824 3796 936 3868 Sancti
962 3795 1087 3868 Nicolai
1108 3793 1152 3865 de
1168 3789 1342 3863 Tolentino

108 3902 264 3993 proximo
289 3905 444 3994 sequenti
469 3921 646 3990 concessa,
673 3925 775 3997 quam
797 3907 963 3992 nonnulli,
982 3907 1063 3979 satis
1081 3922 1149 3978 non
1167 3901 1341 3976 adverten-

108 4019 159 4086 tes
176 4013 332 4087 eamdem
349 4033 426 4089 esse
443 4015 653 4102 arbitrantur,
672 4035 710 4090 ao
727 4018 816 4090 illam
830 4019 865 4091 in
882 4019 1067 4092 novissimo
1084 4017 1225 4090 Decreta
1241 4012 1343 4103 hujus

109 4124 384 4220 congegationis
408 4127 474 4201 lato
499 4129 554 4202 die
579 4130 721 4222 septima
746 4131 853 4204 Martii
874 4135 968 4203 1678
991 4130 1245 4204 adnumeratam
1262 4142 1342 4216 apo

109 4239 259 4332 crppbis,
276 4248 311 4314 et
325 4240 437 4329 ialsis;
454 4259 531 4314 enm
549 4248 662 4316 tamen
676 4243 751 4323 ilie,
766 4244 911 4334 31113333
928 4239 1194 4316 circumstantiis
1210 4237 1253 4310 ab
1270 4235 1344 4328 ipsa

108 4347 240 4427 11133333
262 4353 316 4428 311.
343 4353 470 4427 Romae
495 4352 549 4428 dle
576 4354 699 4428 61311
728 4359 833 4428 1676.

230 4470 252 4538 2
829 4467 867 4539 Α.
894 4468 998 4542 Gran.
1028 4468 1217 4538 ilouoonus.
