3120 4924
759 321 977 390 -sln-

253 475 317 558 pro
340 457 471 544 diarum
487 455 608 542 anima,
626 469 713 549 quae
738 453 772 530 in
788 455 859 530 Deo
884 455 1042 530 enaritate
1058 455 1254 548 conjunctae
1270 452 1313 528 ab
1328 451 1392 528 bac
1408 452 1489 527 lnce

254 572 446 667 migraverit
471 569 745 656 celebrabuntur,
772 568 882 643 eidem
908 569 1038 644 animae
1053 587 1115 663 pro
1132 587 1200 662 qua
1215 569 1400 643 celebratae
1416 569 1493 642 lue·

252 685 330 771 rint,
347 683 487 780 perinde
511 682 735 775 suffragentur
751 699 790 755 ac
806 681 835 754 si
853 681 1023 756 additare
1039 681 1283 773 Privilagiatum
1300 681 1492 756 celebratae

253 798 405 874 inissent.
431 798 505 872 Non
529 796 740 871 obstantibus
764 795 800 867 in
825 795 1028 869 contrarium
1052 795 1249 870 facientibus
1270 795 1493 886 quibuscum·

253 929 332 1003 qne.
359 909 530 984 Praesenti
554 910 590 982 in
616 915 816 1002 perpetuum
841 908 991 982 vabturo.
1017 907 1197 999 Voluitrue
1229 907 1392 980 Sanctitas
1418 907 1494 980 Sua

253 1021 341 1097 banc
365 1022 504 1115 gratiam
529 1020 705 1113 surbragari
729 1019 859 1112 absque
883 1020 950 1094 ula
973 1020 1088 1094 Breuis
1113 1018 1337 1113 expeditione.

327 1135 449 1208 batum
474 1136 600 1206 Romae
617 1151 660 1207 ex
676 1132 859 1208 Secrearia
884 1133 957 1206 Sao.
976 1131 1249 1226 congregationis
1265 1131 1494 1224 indulgentia·

254 1265 330 1322 rum
356 1245 411 1322 die
437 1250 483 1320 23
509 1245 585 1319 tolli
612 1250 719 1318 tlte.
1331 1299 1335 1308 .

853 1358 891 1430 N.
919 1356 1022 1432 Gran.
1048 1357 1264 1431 oeconomos
1290 1359 1415 1432 Pauor.

1024 1471 1066 1542 S..
1086 1472 1216 1562 Borpio
1244 1472 1366 1545 &crat

771 1666 972 1741 cclxxix.

461 1810 588 1867 caninis
613 1811 664 1866 FF.
691 1811 838 1867 arnonem
864 1811 1044 1868 observare.
1070 1813 1097 1867 S.
1125 1812 1293 1868 raldcrscl

329 1916 383 1992 ad
413 1917 616 1993 humillimas
640 1935 759 2011 preces
791 1920 844 1994 Fr.
870 1919 1020 2012 Gregorii
1046 1937 1065 1992 a
1090 1920 1233 1995 Massilia
1262 1916 1500 1993 commissarii

256 2031 428 2105 Generalis
453 2030 574 2104 Curiae
589 2031 669 2107 liin.
687 2031 827 2106 Obserr.
845 2031 979 2106 Ordinis
1004 2032 1039 2104 S.
1057 2032 1235 2119 Francisci,
1254 2032 1501 2106 sanctissimus

257 2142 420 2216 Dominus
440 2141 561 2218 Noster
577 2143 732 2218 Clemens
749 2144 811 2218 Pl'.
825 2145 901 2217 lllll
915 2144 1078 2219 omnibus.
1088 2144 1265 2238 orimum
1281 2161 1385 2220 sexus
1399 2143 1503 2217 Chri-

257 2254 457 2330 stiildelibus
483 2274 562 2330 rere
586 2257 835 2350 poenitentibus
865 2256 1026 2331 confessis
1052 2263 1085 2331 el
1110 2257 1144 2332 S.
1171 2257 1416 2332 communione
1442 2275 1503 2331 re·

257 2367 353 2446 lectis
378 2367 436 2460 qui
454 2366 601 2460 abnuam
617 2369 801 2443 Ecclesiam
818 2368 977 2463 praedicti
998 2368 1131 2446 Ordinis
1147 2364 1203 2444 die
1220 2374 1265 2442 27
1283 2369 1502 2454 Nouembris,

258 2481 293 2554 in
318 2499 386 2573 qna
411 2480 562 2554 omnium
588 2481 787 2554 Sanctorum
819 2481 970 2573 ejusdem
1002 2480 1135 2555 Ordinis
1159 2481 1282 2556 iestnm
1308 2481 1504 2556 celebretur

259 2611 279 2667 a
302 2590 421 2686 primis
446 2591 608 2685 vesperis,
633 2609 744 2684 usque
769 2591 813 2665 ad
837 2611 994 2668 nmmum
1019 2593 1098 2666 solis
1124 2591 1190 2668 dici
1209 2592 1403 2686 hujusmodi
1429 2594 1505 2667 sin-

259 2703 346 2796 gulis
370 2703 469 2776 annis
494 2701 615 2776 deuote
639 2703 854 2790 visitaverint,
881 2706 995 2797 ibique
1016 2706 1112 2797 iuxta
1135 2707 1281 2782 Mentem
1306 2705 1503 2782 sanctitatis

259 2813 348 2887 Suae
379 2813 435 2907 pie
459 2815 628 2890 oraverint
651 2815 896 2908 indulgentiam
922 2817 1106 2891 Plenariam
1139 2817 1285 2910 benigne
1317 2819 1502 2892 mneosslt.

258 2925 439 3018 voluitque
463 2927 626 3002 Senones
651 2929 719 3004 Sua
736 2931 823 3003 banc
839 2923 978 3023 gratiam
999 2930 1177 3024 subrogari
1190 2931 1320 3025 absque
1335 2931 1403 3004 nlla
1420 2933 1505 3006 bre

260 3038 312 3112 ris
337 3038 560 3132 expeditione.
587 3041 708 3116 ilatum
733 3042 859 3116 Romae
885 3061 929 3118 ex
954 3043 1137 3118 secretaria
1161 3045 1235 3118 Sao.
1263 3042 1505 3138 congregatio·

260 3152 314 3232 nis
338 3151 624 3248 indulgentiarum
648 3153 703 3230 die
729 3158 751 3227 3
777 3155 984 3249 Septembris
1012 3160 1119 3230 lton.

863 3269 902 3344 N.
929 3269 1032 3344 Cano.
1058 3269 1274 3345 bunonem
1299 3270 1424 3346 rnna.

1030 3383 1063 3458 S.
1090 3384 1222 3478 Borpio
1249 3385 1373 3472 secret.

787 3579 974 3655 cclxxx.

358 3721 486 3780 nunnus
511 3723 561 3778 rr.
588 3725 701 3781 unna.
728 3727 863 3782 onsnnv.
891 3727 1157 3784 neronurronurr
1181 3729 1210 3782 s.
1236 3723 1406 3782 rarnmscr

338 3829 392 3904 lo
416 3832 618 3908 humillimas
643 3851 762 3928 preces
786 3835 840 3908 lr.
866 3836 1032 3911 Francisci
1058 3857 1077 3909 a
1101 3836 1222 3910 Feltria
1246 3836 1504 3910 vroerrooure

265 3940 347 4016 toris
371 3942 544 4018 Generalis
569 3946 647 4022 liin.
675 3947 815 4022 Obserr.
840 3949 1107 4024 Reformatornm
1125 3947 1259 4023 Ordinis
1275 3949 1310 4024 S.
1332 3948 1504 4022 Francisci

266 4053 504 4131 &renelmus
529 4058 692 4132 Dominus
716 4059 836 4134 Noster
861 4061 1018 4136 Clemens
1041 4062 1117 4134 Xlll
1142 4061 1301 4136 omnibns
1324 4061 1504 4154 nurusque

264 4181 369 4238 sexus
395 4166 688 4259 christifidelibus,
707 4191 786 4248 vere
802 4174 1060 4266 poenitentibus,
1086 4174 1249 4249 confessis
1273 4193 1313 4248 ao
1338 4175 1372 4248 S.
1399 4173 1504 4250 Gom·

264 4277 426 4354 munione
449 4279 599 4370 reiectis,
625 4285 684 4377 qui
710 4285 856 4380 aliquam
881 4285 1062 4365 Ecclesiam
1092 4285 1252 4385 praedicti
1281 4284 1416 4364 Ordinis
1445 4285 1503 4359 die
