3130 4920
651 307 655 314 '
797 331 1012 398 -ese-

290 468 435 561 benigna
460 465 614 558 elargitus
640 471 700 539 ast.
727 463 905 556 latuitque
930 462 1093 536 Sanctitas
1118 461 1186 534 Sua
1210 460 1296 532 hana
1321 459 1450 550 gratiam
1468 460 1496 530 in

227 591 234 604 ’
290 587 490 675 perpetuum
515 579 677 670 suffragii.
704 579 823 650 Datum
848 579 973 650 Romae
998 594 1041 649 ex
1066 575 1247 648 secretaria
1272 573 1344 645 San.
1370 572 1497 663 Gangre·

291 693 431 787 gativais
456 691 738 784 indulgentiarum
763 690 817 765 die
844 695 889 762 22
914 689 1056 782 Augusti
1082 692 1188 760 1779.

943 803 973 875 l.
1002 803 1037 876 G.
1064 801 1113 874 lle
1139 801 1294 874 Samalia
1320 801 1435 874 Serret.

791 997 1016 1074 ccclxxvi.

730 1127 954 1200 Beatissimae
977 1125 1083 1198 Pater

363 1255 421 1328 Fr.
447 1253 627 1328 llllardas
651 1271 675 1326 a
697 1251 962 1346 Radlrersparav
988 1251 1142 1326 Minister
1169 1249 1345 1324 Generalis
1381 1244 1499 1321 Ordinis

292 1366 465 1442 Minorem
491 1367 525 1438 S.
552 1367 726 1440 Framisei
753 1365 1047 1460 Cappaeeinvmem
1073 1363 1121 1436 nd
1145 1362 1251 1436 Pedes
1282 1365 1317 1436 S.
1349 1361 1381 1434 V.
1407 1357 1498 1431 lami·

292 1478 370 1550 liter
391 1478 592 1570 prvvvlnlns
610 1479 760 1570 exponit,
779 1478 928 1569 analiler
952 1477 1023 1568 ipse
1040 1495 1064 1548 a
1080 1476 1196 1548 mallis
1220 1475 1276 1548 sai
1304 1472 1434 1548 Ordinis
1449 1471 1498 1540 lle·

292 1589 433 1681 liviasis,
468 1588 627 1662 reatinae
654 1593 685 1660 el
711 1589 951 1662 instantissime
983 1591 1124 1681 renatae
1144 1607 1211 1681 pre
1237 1583 1446 1660 concedenda
1468 1582 1498 1652 tl-

293 1701 405 1772 eentia
429 1699 592 1774 visitandi
616 1701 711 1772 Lvea
738 1703 867 1773 Sancta
883 1700 1024 1782 Romae,
1050 1701 1204 1782 anreti,
1231 1693 1498 1772 Mentis-lardi,

292 1812 421 1896 assisti,
447 1816 480 1884 et
504 1813 698 1894 alverniae,
731 1813 783 1886 ita
808 1815 847 1886 nl
872 1811 1041 1904 deneqata
1074 1813 1223 1896 lieentia,
1250 1809 1300 1882 ad
1326 1804 1499 1884 evitandam

294 1925 459 1996 Fratrem
484 1924 734 2016 evadatinnem,
761 1929 823 1997 ant
848 1924 889 1996 aa
916 1925 991 1996 alia
1014 1925 1111 2014 jaste
1143 1924 1285 2004 motiva,
1315 1921 1383 2015 Ipsi
1412 1933 1499 1990 nevas

292 2034 424 2128 laniarat
449 2035 642 2120 instantias,
668 2035 913 2128 interponenda
932 2035 1036 2108 etiam
1060 2033 1383 2115 recomendatinnes,
1408 2037 1436 2104 el
1452 2032 1499 2101 Sa·

289 2147 463 2240 perierem
479 2147 614 2240 saeptas
631 2149 667 2220 in
684 2149 862 2240 anqulies
878 2145 1082 2222 redaeendv.
1100 2147 1232 2221 ldairen
1252 2149 1380 2220 Orator
1395 2141 1500 2216 similia

294 2260 580 2344 inconvenientia,
607 2266 774 2352 qvantvm
798 2262 872 2354 fieri
892 2266 1004 2354 natast
1029 2259 1190 2354 impediri
1215 2259 1411 2334 desiderans
1433 2271 1499 2346 qaia·

295 2371 379 2446 dam
405 2391 481 2446 earn
506 2373 817 2465 recompensatione
843 2393 924 2466 qna,
951 2379 983 2446 et
1009 2393 1052 2448 ern
1077 2391 1149 2445 ana
1177 2377 1281 2465 parte
1310 2371 1501 2444 inerarenlar

292 2483 492 2558 tltesanrnne
525 2484 827 2578 lndnlqentiaram
863 2488 1063 2568 Sacrarnm,
1104 2485 1296 2559 Visitatiani
1320 2471 1500 2556 memorata·

294 2614 375 2667 rnm
404 2595 691 2668 Sanetnariaram
716 2615 946 2678 annanaram,
974 2603 1005 2671 el
1030 2616 1071 2670 ne
1097 2616 1141 2669 eae
1166 2600 1279 2670 altera
1309 2600 1408 2690 perte
1430 2607 1500 2663 nen

290 2709 444 2800 propriis
468 2713 666 2780 removeant
694 2708 927 2784 conventibus.
947 2710 1125 2802 supplicat
1151 2708 1324 2782 tramititer
1351 2710 1500 2781 Sameram

298 2821 334 2892 S.
367 2819 399 2890 V.
429 2819 649 2892 Clementiam
683 2826 849 2911 arlatensis
882 2841 996 2894 amnes
1028 2823 1204 2913 atriasqne
1237 2841 1339 2896 seman
1368 2809 1503 2906 delinivit

296 2947 379 3020 snae
405 2929 617 3004 obedientiae
641 2933 791 3024 sabjecti,
819 2935 950 3006 taenari
970 2939 1108 3026 possent
1129 2934 1313 3028 praefatas
1347 2929 1501 3018 lndnlven·

298 3040 365 3116 tias
381 3041 553 3115 mediante
571 3043 725 3134 evadam
751 3044 875 3118 devota
891 3046 1168 3137 perevrinntivne
1180 3064 1245 3138 per
1261 3064 1327 3118 sna
1342 3037 1501 3134 respective

299 3153 463 3236 claustra,
491 3158 523 3229 el
547 3157 734 3230 successiva
755 3159 985 3250 propriaram
1010 3159 1240 3232 Ecclesiamm
1256 3156 1450 3232 visitatione,
1464 3145 1501 3220 ον’·

299 3265 429 3340 detinet.

371 3379 439 3450 Pro
465 3384 592 3472 septem
622 3379 778 3454 Ecclesiis
816 3380 923 3464 Urbis,
958 3381 1156 3474 naddaver
1183 3383 1380 3456 Clnastrnm
1402 3377 1501 3468 septen

298 3489 437 3571 mettas,
464 3495 495 3562 et
520 3491 692 3564 visitanda
719 3493 756 3565 in
780 3493 845 3585 fane
874 3495 1130 3568 sanctissimam
1157 3496 1422 3566 sacramentnm.

372 3599 441 3673 Pro
470 3601 675 3676 Sanetvarin
701 3605 844 3678 Lanreli
870 3605 980 3679 enredo
1001 3610 1052 3678 ter
1064 3624 1129 3696 per
1149 3607 1354 3690 clavstrvm,
1373 3609 1402 3676 el
1424 3591 1500 3672 sennl

298 3709 470 3786 visitanda
496 3713 615 3786 Altare
640 3720 704 3788 ant
728 3717 920 3808 inanimem
949 3718 1172 3791 Beatissimae
1203 3720 1357 3812 Viryinis.

372 3825 441 3896 Pro
457 3826 663 3898 Sanetnariv
676 3828 801 3900 Mentis
835 3830 963 3902 Varalli
989 3829 1099 3902 eanda
1112 3831 1249 3923 pariter
1275 3836 1326 3905 ter
1346 3847 1409 3922 per
1426 3821 1501 3896 Clat-

300 3939 420 4018 strvm,
448 3940 480 4010 et
504 3937 676 4011 visitanda
702 3941 833 4023 Altare,
861 3945 923 4015 ant
948 3943 1140 4034 lmaqinem
1167 3945 1338 4040 Craeitlrei.

373 4049 418 4120 tlt
442 4049 588 4122 Damam
607 4068 675 4143 pra
703 4052 909 4126 Sanetnarin
936 4054 1053 4126 Assisii
1078 4058 1110 4128 et
1134 4057 1327 4138 alverniae,
1354 4049 1452 4128 enada
1469 4041 1500 4114 sl·

299 4159 428 4233 militer
454 4165 504 4232 ter
524 4179 590 4252 per
617 4163 812 4236 clavstrvm
837 4170 870 4238 et
894 4165 1066 4240 esitando
1092 4167 1224 4252 altare,
1251 4174 1311 4242 ant
1341 4161 1501 4254 inaniret

303 4271 337 4346 S.
362 4271 403 4343 P.
430 4272 616 4354 araneam,
650 4275 798 4350 oraredvw
816 4295 947 4369 semper
971 4277 1008 4352 in
1030 4280 1219 4370 praedietis
1252 4279 1436 4355 eirenitilas
1456 4265 1501 4342 all
