3214 4928
854 417 1019 481 ..p-

324 549 525 648 benedictis‚
552 549 709 624 Pederico
726 550 823 624 Card.
841 552 1040 625 Borromaeo
1066 551 1290 646 supplicante,
1317 569 1406 627 anno
1434 555 1565 636 loll,

326 663 409 736 dnm
433 663 579 736 Ecclesia
604 663 730 736 Romae
755 665 789 737 in
814 683 954 738 onorem
970 666 1004 738 S.
1022 664 1129 737 Caroli
1147 665 1367 750 ediliceretur,
1386 671 1419 737 et
1435 664 1481 736 ab
1503 683 1566 736 eo·

326 774 405 848 dem
430 776 531 849 Paulo
564 781 597 850 ct
627 775 786 868 Gregorio
815 776 877 850 llll
903 775 1089 852 dicentibus
1126 777 1221 850 «Sic
1247 775 1365 850 lodcto
1391 777 1417 848 il
1444 777 1565 848 SSnzo

327 889 568 980 sapa-annoto,
586 889 679 962 Leuc
697 890 802 961 SSmo
817 891 1082 972 sacramento.»
1107 889 1149 962 ab
1173 887 1308 961 Urbano
1333 887 1407 960 Vlll
1431 887 1467 958 in
1498 887 1567 958 ho-

324 1017 444 1074 norem
469 999 621 1092 ejusdem
638 1001 843 1074 sacramenti
858 1001 1016 1094 precibus
1033 1001 1216 1075 Cardinabs
1233 999 1410 1092 Magalotti
1436 1006 1470 1071 et
1501 999 1567 1070 Sa-

326 1112 517 1186 cerdotibus
542 1111 730 1186 dicentibus
755 1121 832 1207 post
856 1116 1009 1189 Missam:
1026 1116 1097 1189 Auo
1121 1115 1212 1188 lilio
1238 1113 1302 1186 Dei
1327 1113 1454 1194 Putris,
1485 1113 1567 1186 Aue

325 1227 439 1300 Mater
463 1227 527 1300 Dei
552 1227 633 1300 Filii
657 1235 731 1311 etc,
758 1234 792 1301 et
808 1228 890 1300 aliae
908 1227 1044 1301 demum
1067 1249 1086 1300 a
1103 1227 1271 1300 nonnullis
1288 1226 1447 1298 Romanis
1465 1223 1566 1297 Pon-

324 1339 487 1424 tificibus,
514 1346 552 1412 ut
577 1346 747 1424 asserunt,
775 1357 972 1422 concessae,
999 1340 1130 1414 coronis
1159 1339 1393 1431 llystcriorum
1423 1337 1566 1410 Passio

322 1451 376 1523 nis
401 1452 441 1522 1).
467 1452 505 1524 N.
532 1451 612 1524 lesu
637 1451 768 1536 Christi,
794 1469 895 1543 prece
920 1452 1031 1542 Magni
1055 1451 1158 1524 Ducis
1187 1451 1348 1525 Etruriae.
1384 1448 1472 1521 Talis
1507 1450 1565 1521 In-

323 1561 493 1654 dulgentia
518 1561 705 1636 sodalitatis
731 1562 883 1653 ejusdem
909 1564 943 1634 S.
970 1562 1102 1648 Nicolai,
1130 1583 1197 1655 qua
1213 1564 1352 1656 repetita
1370 1562 1563 1654 quinquies

325 1675 473 1749 oratione
498 1675 670 1748 [lominica
695 1682 729 1747 et
753 1675 950 1748 salutatione
982 1675 1162 1768 angelica,
1189 1675 1339 1768 quolibet
1368 1673 1422 1746 dle
1447 1693 1562 1748 unam

324 1788 455 1862 liberari
481 1788 636 1860 Animam
662 1808 681 1860 a
706 1789 890 1880 Purgatorii
916 1789 1035 1882 poenis
1061 1787 1237 1861 affirmant.
1265 1788 1361 1860 Tales
1388 1787 1471 1860 aliae
1496 1789 1563 1860 So·

325 1901 450 1974 cietalls
476 1902 511 1974 S.
537 1899 695 1973 Bernardi
720 1900 846 1974 Romae
871 1901 915 1974 ad
938 1900 1135 1974 Columnam
1151 1900 1293 1992 Traiani,
1312 1907 1345 1973 et
1361 1899 1474 1972 altaris
1494 1901 1562 1972 llo-

324 2013 401 2086 sarli
428 2013 463 2084 in
488 2013 635 2086 Ecclesia
660 2013 695 2084 S.
721 2013 855 2086 Antonii
881 2013 915 2086 di
940 2013 1048 2105 Ruigo
1073 2020 1105 2086 et
1130 2011 1359 2104 Indulgentiae
1385 2013 1562 2104 octoginta

323 2125 464 2199 millium
490 2144 655 2198 annorum
685 2125 787 2198 veteri
814 2123 857 2198 de
882 2125 1008 2199 Tabula
1037 2126 1248 2218 exscriptae,
1275 2144 1377 2218 quam
1404 2125 1438 2198 in
1464 2127 1562 2198 Basi-

324 2238 386 2310 lica
410 2238 625 2312 Lateranensi
652 2238 816 2312 asservari
842 2237 974 2324 dicunt,
1001 2255 1181 2310 concessae
1215 2239 1431 2310 recitantibus
1461 2239 1559 2330 piam

325 2350 413 2422 illam
430 2351 613 2424 orationem
642 2379 655 2413 ‹
680 2354 771 2424 Deus
797 2353 855 2442 qui
876 2371 943 2444 pro
969 2350 1201 2444 redemptione
1225 2349 1346 2422 meandi
1363 2356 1455 2422 etc.»
1482 2359 1559 2422 tum

324 2480 412 2553 quae
429 2464 550 2557 Papiae
566 2464 751 2555 impressae
769 2461 903 2536 luerunt
920 2481 1008 2535 anno
1028 2467 1122 2534 tolo
1141 2463 1205 2538 sub
1222 2463 1287 2535 lroc
1307 2460 1402 2534 titulo
1429 2463 1560 2534 «Som-

324 2575 438 2646 mura'o
466 2574 553 2647 delle
578 2575 786 2666 indulgence
813 2594 964 2648 concesse
992 2574 1090 2648 dallo
1118 2575 1255 2647 Suatitd
1281 2573 1318 2648 di
1342 2575 1387 2646 N.
1410 2573 1561 2664 Siprtorc

324 2686 426 2777 Papo
451 2687 563 2760 Leone
588 2687 623 2758 X
647 2686 908 2780 cll'immuplnc
934 2686 1027 2760 dello
1050 2688 1255 2760 Concezioue
1282 2685 1374 2760 dello
1400 2686 1560 2776 pluriora

322 2797 462 2888 Verplnc
489 2797 608 2870 Morio
632 2827 666 2870 ι.
1338 2873 1341 2880 ,

399 2909 479 2999 Ejus
505 2910 637 3000 generis
663 2919 755 2994 sunt,
783 2919 817 2985 et
842 2912 915 2986 illae
941 2931 1139 2998 concessae,
1165 2919 1202 2986 ut
1228 2913 1321 3005 ajunt
1345 2913 1558 3004 gestantibus

324 3018 509 3093 funiculum
526 3021 560 3094 S.
581 3023 746 3098 Francisci
772 3024 814 3098 de
841 3027 950 3110 Paula,
971 3027 1023 3098 rel
1036 3025 1281 3100 celebrantibus
1295 3025 1415 3098 Missas
1432 3025 1466 3096 S.
1486 3025 1558 3097 Au-

324 3131 460 3222 gustini,
488 3135 611 3208 aliasve
633 3135 792 3228 'quinque
816 3138 1036 3211 inhonorem
1062 3139 1212 3230 quinque
1229 3137 1442 3210 festivitatum
1460 3138 1498 3210 B.
1515 3137 1555 3206 ll.

324 3243 378 3315 vel
403 3243 550 3319 officium
575 3248 790 3322 recitantibus
817 3251 850 3322 S.
878 3251 1072 3324 Franclscae
1098 3253 1278 3334 Romanae,
1309 3255 1365 3322 aut
1394 3249 1558 3342 lintipbo-

323 3374 403 3428 nam
428 3384 441 3418 ‹
467 3376 487 3429 o
513 3360 639 3460 Passio
658 3380 790 3453 mopuc
816 3371 908 3447 etc·
938 3365 973 3435 in
989 3363 1185 3437 memoriam
1203 3360 1371 3434 Passionis
1388 3362 1478 3444 lesu,
1500 3367 1558 3432 aut

324 3466 500 3541 Rosarium
518 3469 552 3542 S.
567 3471 684 3544 Annae
700 3475 812 3564 (quod
830 3475 1009 3572 Sacrorum
1025 3475 1162 3548 lilinum
1178 3473 1398 3564 Congregatio
1415 3471 1557 3546 minimo

324 3578 481 3670 probat),
508 3589 565 3655 aut
591 3585 785 3668 orationem,
813 3605 901 3678 quac
927 3588 1091 3679 impressa
1117 3604 1195 3659 cum
1220 3585 1367 3676 imagine
1384 3585 1418 3655 S.
1436 3585 1557 3656 Annae

324 3692 530 3768 circumferri
556 3695 640 3770 solet
665 3727 676 3760 ‹
702 3700 772 3771 Aue
798 3701 917 3791 prolia
937 3701 1046 3792 pleno
1064 3705 1156 3774 etc.»
1182 3717 1269 3790 qnae
1286 3699 1389 3770 oratio
1414 3697 1554 3790 permit·

322 3802 418 3894 titur3
437 3815 494 3880 aut
512 3809 696 3882 orationem
725 3814 855 3896 «Deus,
875 3813 933 3904 qui
950 3814 1047 3884 uobis
1064 3813 1101 3884 iu
1119 3814 1247 3885 Soucto
1267 3809 1425 3902 Spadone
1441 3809 1554 3898 (enci

321 3911 411 4018 pitur
425 3916 632 4014 indulgentia
650 3926 719 3994 100
732 3922 863 3996 dierum
877 3925 1034 4017 precibus
1051 3925 1211 3997 Duclssae
1225 3921 1412 3996 Sabaudiae
1425 3920 1554 3994 cunctis

320 4025 356 4097 in
382 4026 469 4100 illius
495 4030 675 4106 dictionem
702 4033 901 4125 degentibus
927 4053 1087 4109 concessa
1105 4055 1125 4107 a
1146 4034 1230 4107 lolio.
1248 4051 1314 4107 rec.
1333 4032 1504 4106 Clemente
1522 4031 1554 4101 X

321 4135 365 4208 ad
384 4157 490 4211 annos
518 4145 585 4230 25)
603 4145 656 4217 rel
678 4144 841 4220 Crucibus
867 4147 1188 4240 Carauaccensibus,
1214 4147 1268 4219 nel
1292 4145 1454 4229 Coronae,
1481 4143 1553 4216 siro

319 4248 464 4324 stellano
490 4253 728 4349 Conceplionls
754 4259 989 4334 immaculatae
1014 4262 1050 4332 Β.
1077 4259 1117 4332 V.
1136 4277 1180 4332 ex
1197 4256 1375 4331 duodecim
1393 4253 1551 4350 precariis

319 4357 461 4446 globulis
488 4365 631 4439 contlnlo
658 4369 712 4442 uel
738 4371 860 4460 granis,
889 4372 1070 4456 Crucibus
1099 4378 1133 4444 el
1158 4369 1296 4444 Coronis
1329 4368 1484 4460 aloysiae
1509 4366 1551 4436 alr
