3164 4926
803 361 998 431 ..98-

284 494 378 571 modi
402 497 444 572 ab
469 497 533 572 hac
556 497 631 571 luce
655 496 839 591 migrantis,
861 501 915 574 vel
940 500 1003 571 alle
1026 496 1081 571 die
1106 493 1317 572 celebrantur
1342 495 1386 570 sd
1410 497 1529 590 quod·

285 628 431 703 cumque
443 611 554 685 Altare
567 613 790 686 Ecclesiemm
803 609 955 706 ejusdem
969 610 1103 686 Ordinis
1119 618 1188 684 tam
1204 619 1400 697 erectamm
1415 631 1530 705 qoem

282 722 516 819 inposterum
542 726 777 819 erigendarum
802 726 1032 811 celebrentur,
1056 725 1197 818 perinde
1219 726 1454 818 sumrgeutur,
1483 745 1530 798 ac

282 838 312 909 si
330 837 373 911 ad
388 841 501 915 Altare
516 839 762 933 Privilegiatum
789 840 980 914 celebratae
999 839 1143 914 tuissent
1164 840 1202 912 in
1225 845 1427 932 perpetuen
1443 857 1532 914 oon-

281 955 445 1045 cesserit3
485 975 525 1027 ac
555 955 634 1028 inde
658 953 851 1046 hujusmodi
877 953 1042 1028 indultum
1068 954 1136 1026 mtb
1159 953 1213 1026 die
1241 959 1284 1026 ts
1307 951 1529 1045 Septembris

278 1065 436 1157 ejusdcm
462 1068 540 1140 anni
566 1067 608 1140 ad
633 1073 701 1141 tres
726 1068 854 1152 illesas,
882 1085 967 1160 quas
991 1068 1116 1159 singuli
1138 1065 1335 1140 Sacerdotes
1359 1064 1529 1158 praedicti

277 1177 416 1252 Ordinis
440 1199 502 1274 pro
529 1181 639 1254 anima
659 1179 902 1273 cuiuscumque
928 1181 1060 1254 Summi
1084 1177 1267 1266 Ponticis,
1286 1185 1319 1252 et
1335 1177 1528 1252 cardinalis

281 1289 480 1365 Protectoris
498 1309 538 1364 ac
552 1293 765 1385 Imperatoris
790 1300 890 1384 etque
915 1293 1028 1385 Regis,
1049 1311 1199 1368 necnon
1215 1292 1360 1375 illorum,
1375 1291 1433 1382 qui
1453 1291 1527 1364 Su-

275 1404 429 1494 periores
454 1407 596 1498 Maiores
621 1405 774 1498 ejusdem
799 1404 934 1478 Ordinis
958 1407 1064 1491 luere,
1089 1405 1287 1498 unicuivis
1312 1403 1529 1478 decesserint

278 1515 449 1590 celebrare
474 1519 583 1590 solent
607 1518 754 1610 benigne
780 1518 977 1592 extenderit.
1003 1520 1147 1591 liemum
1164 1510 1373 1610 supplicante
1392 1518 1524 1590 Procu-

274 1633 390 1701 ratcre
405 1629 557 1703 Genersli
578 1630 755 1724 ipsiusmet
768 1631 901 1704 Ordinis
919 1629 1075 1704 eamdem
1089 1631 1229 1722 gratiam
1243 1630 1344 1703 etiem
1358 1629 1525 1702 edonem

276 1741 425 1830 illesam,
453 1763 541 1837 quae
566 1763 586 1817 a
609 1746 847 1820 Sacerdotibus
874 1746 1007 1819 Ordinis
1024 1745 1219 1838 hujusmodi
1234 1763 1297 1838 pro
1313 1745 1423 1818 enlme
1438 1763 1524 1820 suo-

278 1869 356 1926 rnm
384 1859 571 1950 respective
595 1865 773 1952 parentum
805 1859 847 1932 ab
880 1875 919 1932 ec
943 1859 1009 1932 vita
1041 1859 1256 1950 migrantium
1288 1856 1443 1944 extendi,
1476 1875 1522 1930 nc

276 1963 471 2057 huiusmodi
504 1971 661 2064 precibus
695 1971 768 2043 Sec.
798 1970 1054 2063 congregationi
1086 1969 1304 2063 indulgentiis
1336 1968 1522 2059 Seorisqne

275 2076 436 2170 Reliquiis
462 2083 671 2176 praepositae
695 2083 818 2168 relatis,
836 2083 964 2156 lisdem
981 2085 1055 2156 Sec.
1074 2082 1298 2174 congregatio
1312 2081 1366 2155 die
1384 2081 1523 2174 depri-

274 2188 327 2261 lis*
344 2197 437 2264 litt
465 2195 555 2268 idein
580 2197 748 2269 indultum
780 2198 879 2270 etiam
910 2215 971 2291 pro
1003 2198 1103 2270 unica
1127 2195 1320 2288 huiusmodi
1344 2195 1445 2268 llissa
1472 2195 1522 2268 ed

274 2301 448 2394 quodlibet
473 2307 584 2380 ditare
608 2309 831 2383 Ecclesierum
857 2309 937 2383 dicti
962 2309 1095 2382 Ordinis
1118 2310 1156 2383 in
1171 2314 1372 2401 perpetmrm
1396 2325 1521 2380 conee-

274 2413 423 2490 dendum
450 2435 526 2493 esse
544 2422 691 2495 'censuit
717 2423 767 2497 ne
792 2423 917 2515 quibam
934 2421 1018 2496 lecta
1035 2441 1097 2517 per
1112 2441 1168 2496 me
1183 2421 1431 2513 iurmoiporn
1448 2421 1518 2496 Seh

265 2531 450 2605 'eretsrium
468 2531 523 2606 die
542 2539 589 2606 lo
605 2535 758 2628 eiusdem
779 2537 904 2612 Mensis
929 2537 1147 2611 sanctissimo
1172 2535 1314 2608 Domino
1339 2533 1516 2620 relatione,

264 2639 435 2717 *sanctitas
461 2645 529 2720 Sue
553 2647 699 2741 benigne
726 2650 851 2723 annuit.
1113 2698 1117 2706 ·

322 2779 326 2790 ·
816 2763 852 2836 C.
879 2763 982 2838 Cleo.
1010 2763 1062 2834 lis
1085 2763 1289 2837 Hrsnorrrurs
1314 2759 1435 2836 enlm.

756 2878 796 2950 Α.
823 2877 870 2952 Μ.
896 2877 993 2951 Elbo
1017 2873 1112 2950 Prot.
1139 2875 1352 2970 Apostolicos
1378 2875 1505 2950 scere

801 3075 983 3152 dxlllllll.

552 3217 679 3276 oeneus
704 3221 731 3275 s.
754 3185 929 3278 ‘inmemor
953 3221 1230 3276 nncmnmronnu

342 3319 397 3392 Ac
425 3321 609 3419 Coppellac
628 3329 792 3421 publicae
810 3331 877 3404 PP.
896 3331 1163 3405 Recoltectorom
1186 3325 1325 3402 Ordinis
1346 3327 1381 3399 S
1398 3325 1511 3398 lirec-

271 3431 351 3504 cisci
375 3435 554 3527 pcedeoot
571 3441 759 3534 privilegio
784 3444 1015 3519 Ecclesiorom
1042 3445 1180 3518 Ordinis
1205 3444 1242 3516 irc
1267 3459 1349 3514 cocu
1375 3439 1461 3513 eici

288 3547 422 3736 adase
445 3551 664 3646 congregatio
684 3553 756 3631 ppei
785 3563 834 3631 20
860 3557 1068 3653 Septembris
1097 3561 1190 3629 lili
1217 3551 1390 3650 respondit
1417 3551 1512 3628 ‹Ne-

265 3675 287 3749 ε
844 3785 939 3860 CXL.

631 3929 759 3987 ceorlus
788 3917 1135 3990 isennossrnlnmtsts

275 4112 288 4121 ··
317 4098 402 4168 'iil
416 4099 880 4186 deecclesioellooioticm
895 4111 1037 4186 omltois
1051 4107 1504 4196 Praecootroteusiegeoe

261 4199 655 4408 wmfflm
680 4227 759 4298 scot
776 4225 957 4320 guudcoet
969 4225 1154 4322 priuilegio
1171 4222 1302 4302 elidos
1318 4219 1429 4297 edem
1440 4217 1503 4292 Or·
