3346 4924
1343 347 1366 413 B

135 477 238 542 sterit
259 475 507 540 Brzeunouieosis
528 475 665 556 abbatis,
687 474 867 540 tValstbadii
890 475 1067 542 Silesiorum
1086 476 1272 558 tPraepositi.
1299 479 1398 560 liegni

134 571 333 636 Bobaemiae
353 571 482 634 Praelati
504 570 638 648 infulati,
670 586 704 634 ao
728 586 780 651 per
800 571 939 635 eamdem
960 569 1158 634 Bohaemiam
1178 571 1341 637 ldoraviam
1366 579 1398 637 et

131 667 292 732 Silesiam
313 665 481 729 visitatoris
503 665 650 746 perpetui,
671 671 705 727 ut
725 681 765 730 ea
786 671 853 729 voto
874 665 939 730 Sac.
963 661 1215 745 Congregationis
1235 665 1397 748 indulgen·

132 763 265 846 diarum
279 759 441 842 sacrisque
454 759 602 840 Beliquiis
616 761 801 840 praepositae
812 760 1061 838 Numismatibus,
1073 775 1129 823 seu
1140 759 1290 826 Crucibus
1301 761 1331 826 S.
1343 762 1400 828 Be·

129 855 267 921 nedicti
288 855 472 935 nuncupatis
494 870 547 934 por
565 853 714 932 ejusmodi
735 853 929 918 visitatorem
962 858 1144 935 perpetuum
1177 870 1232 936 pru
1264 862 1402 938 tempore

129 951 344 1026 existentem,
366 963 401 1011 ac
420 948 583 1011 idonachos
604 947 703 1012 eidem
724 948 878 1036 subjectos
903 948 960 1014 suh
993 954 1074 1012 certa
1106 947 1311 1016 lormula‘ad
1342 950 1402 1014 hoc

126 1043 324 1128 specialiter
345 1043 509 1124 approbata
530 1042 698 1106 benedictis
719 1049 879 1124 sequentes
901 1043 1110 1124 indulgentias
1132 1043 1190 1107 sub
1212 1044 1263 1109 die
1282 1045 1322 1110 23
1345 1045 1401 1109 Ile·

128 1138 283 1204 cembris
303 1136 381 1201 trtt
404 1153 439 1202 ac
460 1153 623 1220 persuum
643 1138 739 1201 Brere
760 1137 819 1201 diei
842 1137 1000 1204 stiland
1024 1138 1104 1202 17er
1125 1139 1326 1219 confirmarit,
1361 1141 1400 1207 ri·

127 1233 272 1300 delicet.

131 1333 136 1338 '
204 1327 257 1392 t.⁰
278 1327 335 1404 Qui
357 1326 464 1392 saltem
484 1327 576 1392 semel
597 1329 630 1392 in
651 1327 840 1392 hebdomada
862 1326 1014 1393 Coronam
1034 1329 1170 1409 Domini,
1191 1329 1238 1394 vel
1259 1330 1399 1398 Beatissi-

126 1427 213 1489 mae
240 1421 384 1502 Virginis,
406 1422 453 1487 uel
474 1422 643 1502 ttosartnn,
663 1423 765 1503 ejusve
787 1423 906 1486 tertiam
934 1428 1070 1502 partem;
1095 1427 1149 1486 aut
1180 1423 1321 1489 Officium
1352 1425 1399 1492 rel

127 1519 296 1584 Divinum
318 1517 363 1581 vel
385 1517 516 1581 Parvum
536 1518 673 1596 eiusdem
693 1517 886 1582 Beatissimae
899 1516 1036 1597 Virginis
1051 1517 1162 1583 uariae
1177 1519 1222 1583 rel
1237 1519 1401 1584 Beluncto-

128 1629 238 1679 rum:
261 1618 315 1675 aut
335 1611 458 1692 Septem
479 1613 613 1676 Psalmos
634 1613 877 1692 Poenitcntiales‚
908 1612 955 1675 vel
977 1612 1143 1678 Graduales
1163 1602 1319 1694 ¹recitare;
1346 1620 1400 1679 aul

129 1708 324 1774 rudimenta
344 1706 429 1771 Fidei
450 1707 577 1784 docere3
598 1712 651 1770 aut
672 1708 810 1771 detentos
833 1709 864 1770 in
886 1704 1026 1787 Carcere,
1047 1708 1094 1772 vel
1126 1709 1256 1788 alicujus
1287 1709 1397 1774 domus

128 1800 310 1884 hospitalis
330 1805 468 1880 aegrotos
489 1800 619 1878 visitare,
640 1805 693 1864 aut
713 1801 898 1882 pauperihus
918 1801 1103 1879 subvenire3
1124 1808 1176 1866 aut
1196 1803 1318 1868 blissam
1348 1821 1399 1869 au·

131 1897 220 1976 dire,
246 1894 297 1959 vei
318 1893 361 1976 (si
382 1899 428 1957 est
448 1893 613 1976 Sacerdos)
633 1895 787 1960 celebrare
808 1897 1007 1974 consueverit,
1027 1898 1053 1960 si
1076 1911 1144 1961 vere
1175 1898 1335 1978 poenitens
1362 1915 1397 1966 ac

130 1987 306 2057 Sacerdoti
327 2003 380 2070 per
400 1987 595 2055 ordinarium
616 1988 781 2071 approbato
801 1991 957 2054 contessus
977 1990 1078 2070 luerit,
1103 1998 1135 2055 et
1167 1991 1400 2060 sanctissimum

129 2083 359 2152 Eucharistiae
379 2084 609 2149 Sacramentum
629 2083 804 2165 sumpserit,
826 2086 858 2148 in
880 2085 1016 2172 quolibet
1041 2103 1080 2150 ex
1105 2086 1215 2152 diebus
1230 2088 1400 2171 infrascrip-

132 2183 185 2260 tis,
211 2181 366 2246 nimirum
388 2180 437 2244 die
461 2180 550 2245 Festo
569 2179 741 2246 Nativitatis
761 2179 883 2244 Bomini
905 2179 1006 2242 Nostri
1026 2180 1098 2243 lesu
1121 2179 1245 2260 Christi,
1271 2181 1401 2266 Epipha-

133 2277 221 2356 niae,
245 2274 501 2350 Resurrectiunis,
523 2273 727 2350 Ascensionis
747 2273 948 2351 Pentecostes,
962 2273 1175 2337 Sanctissimae
1188 2275 1355 2356 Trinitatis,
1369 2281 1400 2341 el

133 2369 292 2452 Corporis
314 2366 438 2446 Christi,
459 2362 494 2432 a'c
515 2369 565 2433 die
585 2368 807 2450 conceptionis,
829 2369 1009 2445 Natiuitatis,
1029 2367 1294 2448 Annunciationis,
1310 2371 1398 2435 Puri·

133 2463 311 2540 ilcationis,
331 2468 361 2526 et
381 2460 605 2540 Assumptionis
626 2463 820 2528 Beatissimae
841 2463 977 2543 Virginis
997 2461 1119 2540 uariae,
1150 2479 1268 2526 necnon
1301 2465 1400 2547 primo

134 2559 188 2623 die
210 2555 399 2622 Novembris
419 2557 494 2620 leste
509 2557 654 2622 Omnium
673 2556 863 2636 Sanctorum,
878 2573 913 2620 ac
928 2557 978 2621 die
992 2557 1066 2620 leste
1078 2555 1109 2621 S.
1120 2557 1289 2637 Benedicti,
1301 2566 1331 2623 et
1346 2575 1401 2642 pro

135 2653 315 2716 haeresum
335 2667 371 2714 ac
385 2651 591 2731 schysmalum
605 2650 818 2733 extirpatione,
832 2652 916 2716 Fidei
932 2650 1104 2716 Catholicae
1118 2651 1313 2731 exaltatione,
1328 2669 1402 2735 pace

135 2755 167 2811 et
189 2747 445 2812 Christianorum
465 2747 641 2829 Principum
660 2747 834 2825 concordia,
854 2747 1043 2828 caeterisque
1064 2747 1217 2812 Romanae
1247 2747 1403 2831 Ecclesiae

138 2841 384 2907 necessitatibus
406 2843 472 2922 pias
492 2843 529 2906 ad
552 2843 650 2905 ileum
670 2857 776 2922 preces
796 2841 947 2918 eliuderit,
968 2841 1138 2904 Ptenariam
1160 2842 1305 2907 omnibus
1336 2861 1404 2928 pec·

137 2943 287 3002 catorum
308 2953 435 3001 suorum
456 2935 680 3017 indulgentiam
701 2941 731 2998 et
752 2936 962 3000 remissionem
982 2939 1197 3014 consequetur.

20 3097 21 3109 ,
201 3035 251 3097 2⁰
275 3033 337 3110 Qui
359 3032 466 3096 eadem
487 3032 518 3094 in
541 3031 608 3094 aliis
629 3030 712 3093 iestis
732 3031 864 3107 Domini,
896 3033 950 3091 aul
971 3029 1166 3092 Beatissimae
1186 3028 1325 3110 Virginis
1346 3031 1405 3096 lla·

21 3115 22 3137 ³
140 3125 223 3204 riae,
247 3127 496 3207 sanctorumque
515 3123 729 3206 Apostolorum
750 3129 802 3187 aut
823 3124 853 3188 S.
874 3121 1000 3202 loseph,
1023 3126 1076 3184 aut
1096 3121 1150 3184 SS.
1172 3123 1283 3201 Bianti,
1307 3124 1405 3186 Placi-

141 3221 184 3299 di,
205 3220 427 3297 Scholasticae,
448 3219 494 3282 vel
516 3219 675 3284 Gertrudis
700 3218 823 3283 Ordinis
844 3217 875 3281 S.
898 3213 1055 3280 Benedicti
1077 3216 1248 3296 peregerit,
1281 3217 1313 3279 in
1336 3233 1409 3298 quo

142 3312 217 3378 lihet
231 3332 345 3380 eorum
361 3313 585 3396 indulgentiam
604 3319 720 3396 septem
740 3329 900 3390 annorum,
923 3309 1111 3391 totidemque
1133 3309 1410 3390 quadragenarum

145 3411 296 3488 acquiret.
620 3416 626 3426 ’

203 3503 251 3567 39
273 3503 335 3580 Qui
356 3503 478 3568 illesam
498 3504 610 3582 audiet,
632 3503 678 3567 rel
692 3503 705 3583 (
714 3503 739 3566 si
755 3509 800 3566 est
814 3499 988 3581 Sacerdos)
1003 3497 1181 3576 celebrabit,
1197 3513 1236 3560 ac
1257 3513 1316 3577 pro
1331 3495 1418 3559 Cirri-

144 3593 320 3662 stianorum
340 3597 517 3679 Principum
542 3597 749 3679 prosperitate,
781 3596 972 3674 illorumque
1002 3592 1156 3670 Statuum,
1191 3595 1227 3652 et
1259 3589 1427 3692 bitionum

146 3691 368 3771 tranquillitate
388 3691 486 3757 ileum
506 3693 614 3774 orabit,
635 3691 861 3774 indulgentiam
883 3694 1010 3771 septem
1041 3699 1198 3754 annorum
1231 3682 1431 3758 totidemque

146 3782 415 3864 quadragenarum
435 3784 629 3866 adipiscetur.
1432 3858 1440 3872 ,

46 3865 50 3959 ξ
207 3875 253 3939 l.⁰
275 3879 336 3954 Qui
358 3879 397 3943 ob
418 3880 616 3944 reverentiam
636 3896 708 3961 erga
729 3882 912 3946 Passionem
937 3879 1017 3945 lesu
1039 3873 1154 3948 Christi
1175 3865 1324 3934 Domini
1340 3862 1447 3924 biblii

149 3963 230 4031 leriis
249 3975 356 4052 sextis,
378 3975 481 4038 autin
503 3973 649 4038 honorem
671 3976 870 4041 Beatissimae
894 3973 1050 4056 Virginis
1067 3973 1185 4046 itariae
1224 3956 1354 4022 diebus
1382 3949 1455 4014 Sab-

52 4039 55 4099 l
153 4053 212 4124 hali
231 4063 425 4146 jejunaverit,
446 4068 580 4148 qualibet
599 4085 703 4135 earum
724 4073 773 4137 die
796 4073 827 4136 id
850 4069 967 4150 egerit
992 4064 1240 4161 indulgentiam
1265 4052 1465 4127 ieblesim·

58 4209 60 4252 ἲ
155 4166 262 4222 uerum
281 4163 469 4242 totidemque
489 4163 769 4246 quadragenarum
791 4165 846 4248 qui
871 4179 961 4228 vero
986 4176 1162 4247 contessus,
1186 4165 1231 4218 ³⁰
1257 4141 1304 4205 S·
1330 4137 1477 4199 mmm*

159 4243 395 4386 nioncorelectus
413 4257 562 4336 jejunium
583 4257 690 4325 iisdem
710 4263 820 4328 diebus
843 4275 908 4341 per
935 4258 1113 4348 integrum
1131 4253 1279 4338 annum
1296 4222 1489 4296 seruarent,

65 4409 70 4543 l
