3164 4926
551 353 768 422 -107-

85 494 141 568 aial
157 491 236 566 dono
259 491 458 573 illustrare,
486 490 693 566 auctmitoto
716 491 815 566 nobb
839 511 864 566 o
887 495 1036 570 donnino
1069 495 1204 574 tradita
1227 515 1272 578 nc

84 606 354 698 bonnipotentis
377 605 442 678 Dei
466 603 716 686 misericordia,
743 623 785 678 ac
803 607 992 681 Brutorum
1008 609 1103 684 Petri
1119 617 1152 684 et
1166 613 1272 693 Pauli

83 720 275 814 Apostolorum
291 720 366 810 ejus
385 719 591 792 auctoritato
611 717 738 811 could,
758 721 1062 812 supplicationibus
1083 723 1198 800 dilecti
1213 727 1272 802 m·-

81 835 104 904 ii
119 833 289 906 timandri
313 831 454 924 Iosepbi
487 829 671 924 Gbioppini
703 829 861 906 moderni
889 835 1132 910 Procuratocis
1165 838 1271 912 dmm·

80 949 136 1018 roll
154 945 292 1037 eusdem
320 943 607 1037 fflnmepationis
631 943 740 1018 Nobis
764 963 866 1037 super
899 945 962 1020 boc
987 947 1162 1024 bumiliter
1186 955 1271 1044 pori

78 1061 145 1133 rutis
163 1061 327 1141 inclinati,
354 1063 396 1130 ut
421 1055 706 1150 quandocumque
733 1056 902 1133 Sacerdos
917 1060 1046 1152 aliquis
1062 1063 1272 1147 Sacouiorio,

78 1174 110 1242 cri
127 1173 254 1262 cupsois
281 1171 437 1253 matois,
466 1170 750 1262 Conprepationis
776 1175 810 1244 ct
833 1172 983 1246 instituti
1007 1171 1190 1266 Rosulanus
1210 1180 1273 1252 Sa·

76 1289 247 1360 noandum
271 1287 404 1360 nissae
429 1283 644 1376 Sacrificium
663 1303 732 1377 pro
759 1285 879 1356 mima
909 1285 1146 1380 cujuscumque
1174 1289 1272 1364 Ciri-

74 1399 196 1490 stitddis,
222 1419 313 1490 arroe
339 1401 414 1473 Deo
440 1397 478 1470 in
503 1395 675 1472 claritate
700 1397 883 1488 conjuncta
908 1399 953 1471 ab
972 1398 1037 1472 boc
1051 1402 1124 1474 lucc
1141 1403 1274 1496 suipra-

75 1513 140 1593 rait,
161 1511 206 1585 od
224 1512 388 1606 praefati
414 1512 447 1584 S.
479 1509 605 1582 waldi
629 1511 750 1584 Altare
776 1511 971 1596 celebrabit,
998 1514 1120 1587 anima
1136 1515 1213 1608 ipso
1230 1517 1272 1592 de

75 1621 193 1696 tlnouro
217 1625 395 1698 Ecclesiae
415 1641 481 1715 per
497 1621 638 1694 modum
654 1621 813 1713 saffropii
829 1621 1066 1715 indulpmtios
1088 1645 1270 1719 consequa·

74 1741 122 1816 tur,
143 1739 188 1809 ita
211 1742 249 1808 at
283 1735 438 1828 ejusdem
469 1737 512 1806 D.
544 1736 589 1807 N.
623 1736 702 1808 lem
736 1733 875 1816 Gbmstt,
903 1755 945 1807 ac
977 1737 1018 1808 B.
1056 1739 1089 1810 V.
1115 1740 1270 1824 Mariae,

75 1849 307 1942 bodommone
333 1850 489 1922 oninium
513 1848 643 1922 meritis
673 1847 739 1922 sibi
769 1848 1058 1940 mffrapontibus,
1085 1871 1109 1924 o
1132 1853 1272 1946 Paroa

73 1963 126 2033 torri
142 1966 254 2056 mma
287 1963 454 2038 liberetur
478 1959 693 2036 comedimus
725 1966 758 2034 ct
788 1960 1015 2054 indulpemus.
1052 1963 1102 2038 Ac
1134 1964 1274 2060 insuper

73 2078 237 2150 mctomtate
270 2076 473 2170 apostolica
501 2074 747 2168 penuittimus,
777 2077 816 2148 ut
848 2072 990 2150 dilectus
1016 2076 1125 2150 bibas
1156 2079 1273 2154 Abdus

73 2189 209 2262 boumn
234 2189 389 2280 ejusdem
422 2187 704 2280 Conprmotionis
736 2185 940 2270 conrasas,
966 2187 1131 2262 adhibitis
1163 2192 1272 2266 omni·

73 2300 111 2372 bu
129 2301 307 2396 dilipmtiis
332 2319 436 2394 super
461 2301 671 2374 conammone
695 2299 871 2372 titurium
902 2301 939 2372 in
965 2300 1090 2374 eisdem
1115 2304 1274 2377 motatio

73 2415 249 2490 amenum
283 2419 330 2490 ab
367 2415 433 2490 boc
459 2417 492 2488 S.
525 2413 610 2488 Sede
641 2413 827 2505 Priuilcpc'o
861 2432 929 2504 pro
969 2413 1157 2488 liberandis
1194 2417 1272 2488 cni-

73 2529 158 2602 nabcs
180 2553 203 2604 o
227 2531 436 2622 Puromorii
456 2529 592 2621 poenis,
618 2531 658 2599 ut
683 2528 864 2610 asseritur,
892 2526 928 2598 in
949 2531 1156 2620 papatuum
1182 2529 1273 2602 alios

73 2639 278 2718 danaorum
307 2643 553 2716 concessionem
579 2639 773 2730 huiusmodi
799 2640 962 2722 obserant,
981 2644 1014 2712 et
1027 2640 1134 2729 juata
1152 2639 1275 2716 dotum

72 2755 114 2825 nbi
132 2777 152 2828 o
174 2759 325 2830 Domino
350 2755 571 2848 prudentiam
596 2755 702 2827 unico
716 2754 788 2826 uice
804 2758 940 2826 tantum
957 2751 1122 2836 deoluret,
1139 2759 1173 2828 ct
1185 2772 1274 2846 auae

72 2887 100 2937 a
116 2869 223 2944 lidan
248 2870 430 2946 ultoribus
454 2869 523 2942 sint
546 2865 757 2948 reuocanda,
784 2871 816 2939 et
833 2885 921 2958 quaa
935 2865 976 2940 do
992 2885 1094 2949 nooo,
1120 2873 1160 2941 ut
1170 2885 1274 2960 prae·

72 2979 159 3070 (mur,
181 3003 270 3058 nono
294 2981 480 3076 priciteoio
506 2979 684 3064 donanda
712 2985 814 3073 atoue
831 2979 916 3054 tsoec
941 2980 1079 3072 audem
1105 2999 1143 3054 oo
1164 2982 1275 3076 print·

72 3093 134 3184 boio
156 3099 417 3191 inperpetuum
443 3094 606 3188 paudere,
636 3095 700 3166 illa
724 3111 806 3166 uero
831 3093 879 3165 sic
901 3111 965 3185 per
998 3090 1127 3164 dictum
1159 3093 1275 3166 Abba-

73 3210 118 3278 tm
137 3217 296 3286 rmoeata
320 3211 358 3282 in
378 3214 584 3303 perpetuum
609 3223 743 3299 quoque
769 3205 901 3285 baberi,
928 3206 980 3278 ita
997 3209 1125 3284 tomen,
1151 3208 1190 3276 m
1214 3206 1275 3278 ubi

73 3321 183 3407 nullum,
207 3342 320 3397 unum
343 3323 464 3396 nitore
484 3319 668 3415 prioitcpio
702 3316 895 3416 bujumoodi
929 3316 1083 3410 deputet,
1109 3316 1169 3390 ubi
1193 3335 1274 3390 aero

74 3449 161 3518 mun,
173 3443 234 3510 aut
247 3438 319 3509 duo
332 3437 472 3508 Allaria
488 3435 655 3528 repererit
672 3432 790 3506 eodem
802 3431 985 3524 priailspio
1003 3429 1129 3512 ditato,
1146 3434 1277 3505 utrum·

75 3561 119 3632 nn
138 3549 268 3641 mum
295 3567 337 3622 oo
361 3550 468 3623 ueluti
492 3548 535 3621 de
559 3566 648 3622 nooo
675 3563 867 3622 concesmm
893 3563 961 3617 esse
984 3547 1127 3625 statuat,
1158 3547 1191 3615 ot
1217 3541 1275 3615 dn·

75 3669 172 3734 conat
197 3666 238 3736 ln
263 3663 478 3737 memorium
502 3659 705 3756 facientibus
729 3657 1035 3733 nonobstantibus
1064 3655 1276 3746 quibuscum·

77 3785 131 3856 pue.
150 3775 383 3850 Praesentibus
405 3777 577 3869 perpetuis
601 3774 727 3868 futuru
752 3771 959 3864 temporibus
983 3769 1152 3844 valituris.
1176 3770 1274 3842 Vola·

78 3899 132 3956 nus
152 3895 259 3963 autem
285 3895 323 3962 ut
348 3889 547 3962 earumdem
559 3887 795 3980 praesentiam
811 3885 1022 3956 citreorum
1040 3883 1274 3974 consumptis,

78 4011 119 4066 ltu
140 4004 291 4098 cennrptin
317 4005 422 4076 etiam
447 4001 529 4096 fides
554 4004 591 4074 in
610 4001 754 4092 judicto,
782 4003 815 4071 ot
831 4001 932 4072 eetro
948 3994 1173 4077 adtribuatur,
1185 4000 1275 4086 ¹quac

79 4105 265 4188 udbrbcrctar
289 4117 371 4210 ipsis
395 4116 629 4207 praesentibus
653 4115 683 4187 si
706 4114 819 4206 [orent
844 4109 1094 4191 ecbibitoo,oel
1111 4111 1275 4183 mtousae.

82 4219 183 4298 baon
205 4231 332 4304 Rmnoe
357 4227 452 4322 opud
479 4230 512 4304 S.
539 4229 692 4304 Mariam
715 4226 885 4316 Maiorem
910 4224 970 4296 sub
996 4221 1131 4297 Annulo
1157 4221 1274 4298 Pisce·

82 4333 142 4409 tori
162 4337 212 4416 die
237 4347 281 4416 tn
303 4341 502 4418 ¹Decembris
529 4345 623 4416 tlte
650 4339 873 4436 Pontificatum
888 4337 1008 4412 Nostri
1027 4350 1119 4412 anno
1137 4337 1273 4430 quarto.
