3214 4928
801 351 994 424 ..pg-

277 495 533 586 intcpessentena
559 487 838 572 turritanensem,
865 496 899 562 et
923 495 960 568 ut
984 487 1084 562 etiam
1109 491 1296 580 postremus
1314 485 1375 566 bas
1392 505 1510 562 omues

275 605 501 698 indulgentias
526 603 711 683 Animabus
736 601 899 678 Fideium
924 600 1164 682 Delunetorum
1190 619 1251 693 per
1275 599 1415 678 modum
1440 601 1511 676 sut·

275 718 369 812 bagii
395 718 578 812 applicare,
604 735 672 794 nou
699 722 811 794 autern
828 715 892 790 nisi
909 714 1094 792 Plenarlaro
1111 713 1145 792 io
1162 715 1261 791 Festo
1278 714 1511 792 tantummodo

275 831 349 906 Sao.
367 833 566 923 stigmatum
592 850 611 902 a
636 829 752 924 primis
778 827 928 921 vesperis
953 846 1063 918 usque
1089 826 1132 900 ad
1157 845 1314 904 occasum
1338 826 1419 902 solis
1443 827 1512 903 diei

275 943 441 1036 ejusmodi
454 943 527 1016 aliis
539 941 870 1018 Contrateruitatibus
883 940 1079 1032 aggregatis,
1094 941 1149 1012 rel
1160 940 1194 1014 in
1208 947 1381 1034 posterum
1396 957 1512 1034 aggre-

273 1055 391 1148 gandis
414 1057 627 1129 mmunicarc
644 1055 774 1129 valcant
791 1055 937 1146 benigne
954 1055 1129 1128 concessit.
1148 1053 1328 1145 toluitrpe
1344 1055 1512 1130 Sanctitas

271 1169 341 1242 Sua
365 1170 516 1244 omniunt
533 1175 567 1242 et
584 1169 790 1260 singularum
813 1167 1099 1260 indulgentiamm
1116 1166 1338 1264 praelatarum
1356 1169 1512 1242 Summa-

271 1281 359 1355 rium
376 1283 419 1354 ab
437 1281 555 1356 eadem
572 1281 645 1353 Sao.
664 1280 929 1372 congregatione
946 1279 1199 1373 approbandum
1221 1279 1350 1365 confici,
1369 1287 1402 1354 et
1419 1281 1512 1354 aliud

269 1393 501 1468 tantummodo
527 1393 822 1484 indulgentiarum,
849 1393 974 1484 quibus
1000 1399 1152 1467 coeterae
1177 1392 1366 1466 sodalitates
1393 1411 1511 1486 aggre

270 1511 383 1596 gatae3
401 1507 454 1578 rel
472 1504 703 1597 aggregandas
721 1523 781 1596 per
796 1505 1000 1598 praedictam
1024 1506 1275 1580 concessionem
1294 1505 1449 1597 gaudent,
1468 1525 1510 1579 ac

271 1617 391 1690 iisdem
415 1617 450 1691 io
476 1620 562 1690 Actu
586 1617 829 1709 aggregationis
855 1635 917 1691 seu
942 1616 1211 1692 confirmationis
1237 1619 1429 1710 exemplum
1450 1639 1511 1711 pa·

269 1728 350 1802 riter
366 1734 404 1802 ut
418 1729 603 1821 praefertur
620 1730 840 1823 approbatum
859 1729 1004 1806 decerni.
1023 1732 1162 1824 Hocqrre
1178 1732 1356 1804 Decretum
1377 1731 1510 1823 absque

268 1840 334 1914 nlla
359 1841 473 1914 Brevis
500 1841 733 1934 expedictione
757 1842 949 1934 subrogari:
975 1843 1050 1918 Non
1075 1844 1284 1918 obstantibus
1310 1845 1345 1917 in
1374 1851 1508 1918 conba-

272 1954 358 2026 rium
386 1954 667 2046 quibuscamque.
694 1955 863 2028 Praesenti
888 1955 922 2028 in
935 1956 1138 2049 Perpetuum
1165 1955 1314 2028 valituro.

341 2066 463 2140 ilatum
487 2067 614 2140 Romae
640 2066 695 2140 die
721 2071 766 2138 il
792 2067 938 2142 tannarii
969 2073 1074 2143 itta.

890 2181 931 2254 Α.
958 2181 1062 2255 Crnn.
1089 2181 1124 2254 S.
1151 2179 1346 2254 Curunnrrs.

751 2293 793 2368 t.
820 2294 866 2368 tt.
894 2295 989 2369 erto
1014 2295 1108 2368 Prot.
1134 2293 1350 2386 apostolicos
1377 2293 1507 2368 Secret.

833 2490 932 2567 cxli.

340 2628 578 2702 sanctissimus
606 2629 771 2704 Dominus
803 2633 923 2707 Noster
952 2633 1152 2706 Benedictus
1184 2633 1246 2706 PP.
1273 2631 1509 2711 1111111111-

268 2741 422 2814 millimas
453 2757 572 2832 preces
604 2741 791 2816 visitatoris
823 2745 977 2838 perpetui
1006 2744 1140 2817 Ordinis
1172 2746 1206 2816 S.
1240 2742 1408 2817 Benedicti
1440 2765 1510 2838 per

268 2853 492 2938 bohemiam,
525 2855 706 2927 tttorariam
737 2862 771 2929 et
802 2858 955 2930 Silesiam
987 2858 1252 2951 inperpetuum
1285 2856 1438 2941 indulsit,
1465 2867 1509 2932 ut

265 2983 384 3038 omnes
408 2972 443 3038 et
466 2966 619 3058 singulae
650 2969 790 3054 blissae,
822 2989 909 3061 quae
939 2988 1000 3064 pro
1033 2970 1210 3043 animabus
1242 2967 1506 3056 blouacborurn‚

263 3077 485 3164 clericorum,
511 3087 546 3153 et
570 3081 767 3166 tainorum,
792 3101 857 3154 nee
881 3102 950 3156 nou
975 3084 1168 3156 lionialium
1199 3081 1337 3175 praelati
1367 3083 1506 3159 Ordinis

262 3191 558 3278 monasteriorum,
584 3193 752 3268 visitatori
777 3201 940 3288 perpetuo
973 3196 1145 3289 praedicto
1177 3213 1238 3290 per
1266 3194 1504 3283 eburonum,

261 3305 441 3388 librariam
467 3311 501 3378 et
526 3305 678 3378 Silesinm
704 3307 944 3398 subjectomm
971 3327 1059 3399 quac
1083 3309 1154 3382 ileo
1179 3308 1214 3381 iu
1239 3306 1398 3381 charitate
1418 3325 1504 3382 con-

259 3418 394 3510 junetae
406 3418 450 3492 ab
466 3418 530 3490 bac
546 3419 620 3492 luce
637 3419 863 3510 migraverint,
881 3421 926 3496 ad
942 3420 1180 3514 quodcumque
1196 3419 1308 3494 Altare
1320 3419 1355 3491 in
1368 3437 1503 3506 eorum,

261 3531 314 3602 rel
340 3547 456 3604 earnm
481 3530 667 3623 respective
693 3531 850 3606 ltcelestts
876 3539 944 3606 tam
970 3535 1107 3618 erectis
1134 3551 1236 3626 quam
1265 3533 1300 3606 in
1324 3539 1502 3626 posterum

261 3640 429 3733 erigendis
451 3641 548 3734 juxta
573 3659 702 3727 eorum,
729 3643 801 3717 sire
818 3663 935 3718 camur
952 3645 1212 3720 constitutiones
1228 3645 1501 3730 celebrabuntur,

263 3755 404 3841 animae,
430 3774 493 3848 pro
518 3754 643 3846 quibus
668 3756 854 3830 celebratae
878 3756 1002 3830 luerint
1026 3757 1166 3850 perinde
1191 3757 1431 3850 subrogentur,
1457 3773 1502 3829 ac

259 3868 288 3940 si
314 3867 357 3940 ad
381 3867 493 3942 litare
517 3867 762 3961 privilegiatum
788 3869 974 3942 celebratae
998 3869 1149 3945 luissent.
1167 3869 1443 3959 Quibuscumque
1459 3867 1499 3942 in

260 3979 463 4054 contrarium
488 3998 557 4052 nou
582 3981 803 4055 obstantibus.
830 3982 1012 4073 voluitque
1037 3983 1124 4055 bano
1156 3981 1293 4074 gratiam
1319 3981 1499 4072 subrogari

259 4091 388 4185 absque
404 4091 471 4166 ulla
487 4092 603 4166 ltrsris
616 4092 840 4186 expeditione.
854 4095 976 4168 butun
993 4097 1119 4168 Romae
1132 4092 1188 4168 die
1204 4099 1248 4165 l0
1260 4093 1368 4170 tlartii
1386 4097 1496 4167 1712.

878 4206 915 4278 L.
942 4206 1046 4280 donn.
1073 4207 1171 4280 Prcus
1197 4207 1318 4280 Pnunr.

737 4318 778 4390 t.
804 4321 851 4392 tt.
877 4320 973 4394 Erbu
999 4321 1094 4394 Prot.
1121 4321 1335 4414 apostolico
1361 4319 1485 4393 steret
