3270 4920
1274 334 1343 411 lle

203 468 686 552 90010001000000000000000
714 465 812 547 giornl
837 481 888 550 per
909 463 981 546 ogui
1002 478 1091 550 epora
1122 464 1320 546 brennone
1347 467 1373 530 si

118 567 252 652 pretiobi
274 568 322 632 eol
344 581 436 640 cuore
457 565 583 654 ooptilo.

203 662 252 726 21
254 659 269 698 ⁰
291 661 381 724 lullo
401 659 429 724 le
449 658 545 724 nesse
559 656 655 721 obesi
670 654 908 726 eelebrerauuo
901 672 931 719 tu
947 627 1124 738 qualuuqne
1146 653 1249 719 bllare
1264 654 1295 724 ln
1310 653 1371 730 spl-

117 757 218 838 lragio
245 756 335 822 delle
354 770 481 836 persone
507 752 638 838 asorltte
659 749 960 820 sarauuooelebrate
985 765 1070 814 oome
1092 749 1254 876 additare
1281 749 1372 845 privi-

119 851 269 1010 1681αὲἓο
254 944 380 1008 00000
399 880 429 1008 le
450 941 635 1023 ludolgouze
656 879 797 1008 deseritta
819 879 869 1006 nel
889 943 1028 1020 pressule
1049 938 1220 1012 somnone
1233 956 1309 1016 0000
1323 956 1372 1050 tn

119 1038 288 1134 plicablli
279 1055 313 1120 ru
341 1038 487 1119 androgio
507 1037 586 1105 delle
606 1035 709 1114 anime
734 1039 820 1100 sante
847 1033 896 1099 del
924 1035 1112 1173 Purgatorio,
1134 1049 1326 1108 eeoooesse
1341 1036 1373 1100 iu

120 1127 283 1216 perpetuo.

448 1363 467 1372 r,
655 1267 796 1372 neers
858 1287 859 1292 ‘

526 1489 528 1494 ·
634 1459 862 1542 oucuunuu
1013 1551 1033 1570 „
1105 1537 1108 1542 .
1177 1433 1205 1474 ⁵

204 1617 260 1690 lix
284 1615 472 1690 Audienda
499 1614 713 1690 Sonollsslmi
738 1615 794 1690 die
824 1619 877 1717 ²⁴.
896 1597 1052 1708 000000
1068 1616 1154 1690 00οἰ
1180 1619 1286 1692 l8llt.

199 1767 258 1842 Pia
282 1747 527 1862 Exereiliorum
560 1743 787 1862 spiritualium
817 1770 946 1852 bemus
971 1768 1006 1844 iu
1020 1769 1289 1868 ,truotpberinn
1323 1791 1376 1846 re·

113 1882 216 1976 gioue
242 1881 402 1968 existens,
429 1900 516 1975 quae
542 1882 632 1966 olim,
660 1883 708 1956 uli
729 1881 906 1966 asseritur,
933 1881 1074 1955 Sauolae
1099 1881 1293 1956 Franciseae
1309 1885 1376 1958 ilo·

112 2012 237 2068 manae
261 1995 477 2068 Domioilium¹
499 2000 580 2079 erat,
605 1993 760 2102 pluribus
785 1993 846 2098 lull
863 2013 882 2064 0
897 1992 984 2067 lelio:
1001 1992 1131 2068 reeord:
1149 1995 1207 2068 Pio
1226 1996 1287 2068 PP.
1306 1995 1375 2071 Vll.

110 2106 305 2200 privilegiis,
332 2106 445 2199 gratiis
471 2113 505 2180 et
528 2103 746 2198 indulgentiis
773 2105 939 2179 cumulata
966 2111 1034 2178 tam
1067 2123 1129 2198 pro
1154 2113 1252 2181 000ιο
1279 2103 1376 2182 eres-

109 2220 309 2314 bylerorum
334 2219 369 2291 iu
395 2217 513 2292 eadem
537 2218 644 2291 Domo
671 2217 946 2302 adlaborautium,
964 2235 1066 2308 quam
1093 2235 1154 2312 pro
1172 2205 1377 2301 christifide·
1513 2293 1514 2296 r

111 2331 203 2410 libus
220 2330 260 2404 iis
280 2331 315 2405 iu
340 2331 480 2407 aedibus
505 2329 731 2424 spiritualibus
757 2329 944 2414 Exeroiliin
972 2329 1150 2422 Saorisque
1175 2327 1377 2413 nepessinus

109 2461 175 2536 per
198 2441 335 2524 bouum
361 2433 644 2532 incumbentibus
670 2460 749 2518 eum
773 2460 855 2534 ‘nero
881 2441 923 2518 00
949 2441 1118 2536 aliquibus
1150 2448 1279 2520 taumm
1304 2445 1374 2537 pri·

109 2555 242 2648 ribgito
268 2561 302 2630 el
326 2555 553 2648 indulgentiis
570 2553 661 2648 apud
689 2571 748 2630 eos
773 2552 861 2637 adsit
877 2553 1129 2640 dooumeutum,
1143 2554 1187 2628 00
1204 2554 1276 2654 aliis
1293 2575 1376 2630 nero

110 2666 288 2742 dumtaxat
312 2672 404 2740 extet
428 2667 570 2752 traditiu·
588 2667 661 2760 ipse
677 2667 954 2760 Presbyterorum
978 2673 1093 2741 coelus
1109 2667 1210 2740 enixe
1226 2667 1374 2742 000000-

110 2781 238 2854 simum
262 2779 444 2852 bominum
467 2771 628 2854 Nostrum
645 2777 741 2852 Pium
759 2778 821 2852 ΡΡ.
839 2778 897 2852 ΙΧ.
914 2779 1053 2872 rogarit,
1070 2785 1109 2853 ul
1125 2767 1168 2852 00
1185 2781 1376 2888 Apostolioa

109 2910 174 2977 sua
198 2889 402 2984 benignitate
427 2889 549 2984 gratias
574 2907 643 2968 non
669 2887 769 2964 modo
795 2907 973 2964 concessas
995 2889 1209 2978 confirmare,
1236 2891 1298 2970 sed
1316 2913 1375 2988 uo

109 3019 174 3076 vas
203 3002 303 3081 etiarn
320 3001 469 3096 proulin
486 3001 765 3096 supraenuuolato
782 3001 972 3084 Ι80000000
988 3004 1171 3085 recensitas
1189 2981 1376 3090 concedere

110 3114 317 3206 dignaretur
338 3114 424 3198 Hine
440 3114 617 3194 Sanctitas
615 3114 690 3190 Soa
706 3114 901 3194 humillimis
918 3113 1142 3206 praelatorum
1156 3115 1375 3194 Saoerdolum

109 3225 271 3322 precibus
285 3225 477 3328 ,olemeuler
502 3227 663 3318 exeeptis,
688 3245 808 3300 omues
832 3233 868 3300 et
891 3224 1041 3317 singulas
1065 3225 1246 3318 [00000000.
1265 3227 1376 3302 ludul

111 3339 246 3430 geulias
273 3343 306 3412 et
330 3338 452 3434 gratias
470 3338 505 3432 iu
521 3337 641 3411 eodem
659 3340 826 3432 praesenti
850 3337 1041 3414 Summario
1056 3335 1198 3414 duobus
1216 3343 1249 3412 el
1265 3339 1371 3440 vigin-
1462 3391 1466 3398 =

108 3453 136 3525 ll
162 3449 318 3524 Articulis
356 3449 486 3542 digesto
523 3455 696 3522 coutentes
724 3449 869 3542 benigue
898 3449 1118 3539 confirmarit,
1145 3465 1183 3522 ao
1213 3449 1256 3526 de
1281 3471 1370 3526 uovo

109 3564 288 3648 concessit,
314 3560 498 3644 dummodo
517 3569 637 3642 ¹larreeu
661 3563 811 3655 singulae
829 3563 996 3656 iujuuolae
1012 3557 1219 3638 conditiones
1236 3563 1270 3640 in
1288 3582 1370 3660 quo-

109 3676 199 3777 libet
220 3695 266 3760 ex
281 3675 438 3772 praelatis
455 3674 610 3756 Articulis
627 3673 798 3770 appositae
812 3676 939 3769 integre
957 3669 1148 3754 ot‘fideliter
1164 3675 1370 3770 adimplean-

110 3795 179 3864 tur
188 3787 279 3866 -Non
304 3787 516 3864 obstantibus
541 3787 577 3862 iu
613 3787 816 3868 eontrarium
853 3787 1050 3862 laetentibus
1087 3787 1370 3881 quibuscumque.

110 3900 283 3974 Praesenti
309 3900 449 3974 uelitum
475 3899 604 3992 absque
629 3901 694 3974 ulla
718 3901 832 3974 brevis
856 3898 1079 3993 expeditione
1104 3901 1226 3974 Delum
1246 3901 1372 3976 Romae

111 4031 158 4088 ex
185 4013 370 4112 secretaria
396 4007 469 4088 See.
496 4012 770 4108 congregationis
794 4012 1089 4106 indulgentiarum.
1321 4035 1325 4038 ·

784 4127 824 4200 D.
851 4125 954 4209 Genu
981 4125 1358 4218 5000001000-ΡοΑο

778 4311 781 4314 .
886 4240 928 4326 0,-
956 4239 1116 4330 Columbo
1143 4241 1266 4328 Serrei,
1345 4271 1348 4276 ·
