3164 4926
775 335 992 407 -llt-

182 565 183 570 Ν
267 475 385 574 cipial;
416 475 572 552 doraum
603 473 748 568 aliquam
773 474 999 569 precationem
1024 467 1227 555 adhibuerit,
1253 469 1498 563 quinquaghta

266 591 398 666 eliorum
413 587 656 684 Indulgendum
673 585 824 682 gaudeat,
847 601 950 680 quam
966 583 1115 660 rinihiar
1131 589 1339 676 assequatur,
1357 583 1414 676 qui
1431 595 1499 678 pto

265 703 542 779 uhnstiddeiihus
566 703 602 776 in
627 703 721 778 exitu
744 701 831 794 uitae
850 700 1038 774 constitutis
1062 699 1170 772 heum
1194 694 1437 790 deprecabitur,
1456 707 1501 772 ae

265 835 327 912 pru
352 818 435 912 ipsis
459 825 510 893 ter
534 817 726 890 orationem
750 814 956 888 llominicam
981 817 1015 888 et
1039 806 1277 886 Salutationem
1299 809 1498 904 hugeicam

266 929 398 1004 dixerit.
424 927 488 1018 Qui
513 929 666 1004 demotos
690 923 726 1002 in
751 943 894 1012 caruere,
921 931 978 1000 aut
1002 932 1153 1018 nepotes
1170 923 1204 996 in
1220 921 1427 999 Nomcomlie
1448 925 1500 999 ri·

266 1043 423 1129 sitaruit,
449 1055 509 1118 eos
534 1043 645 1136 aliquo
669 1042 726 1136 pio
751 1057 853 1136 opere
878 1037 1077 1133 adjuvando,
1103 1044 1160 1112 aut
1182 1037 1372 1112 boctdnam
1397 1037 1499 1112 chri-

265 1157 419 1242 stianam,
444 1157 479 1230 in
503 1155 651 1231 Iimlesla
676 1151 729 1229 vel
753 1155 876 1228 Domui
900 1151 1010 1239 Filios,
1036 1157 1093 1227 aut
1115 1151 1325 1244 Propinquus
1349 1157 1406 1225 aui
1430 1153 1498 1225 Fa·
1580 1193 1581 1204 κ

265 1267 376 1345 mulos
392 1269 551 1355 docuerit,
565 1261 950 1364 praeterlndulgentlam
967 1265 1011 1341 eh
1027 1261 1099 1340 allis
1113 1265 1261 1340 Summis
1276 1259 1498 1339 Pontificibus
1580 1271 1581 1286 ¹

265 1382 361 1458 adid
384 1395 562 1458 cantemas
583 1382 680 1456 toties
705 1379 947 1474 indulgentiam
962 1379 1016 1453 his
1032 1383 1169 1453 centum
1185 1376 1316 1452 diorum
1333 1377 1495 1470 acquirat.
1580 1445 1581 1452 Ν

263 1495 326 1583 Qui
351 1495 537 1580 linearium,
563 1493 617 1566 rel
641 1493 807 1567 coronam
831 1494 867 1565 Β.
885 1489 928 1568 Μ.
946 1491 987 1564 V.
1009 1491 1044 1564 in
1068 1491 1231 1565 honorem
1258 1487 1409 1583 quadem
1426 1507 1494 1585 pu·

262 1605 416 1680 rissinrae
440 1605 673 1686 immaculatae
698 1603 932 1698 muceptionis
957 1603 1152 1688 recitaverit,
1179 1602 1286 1696 ipsam
1307 1601 1498 1696 deprecans
1580 1677 1581 1682 Ν

106 1721 111 1732 ’
263 1719 353 1813 apud
378 1721 451 1813 ejus
477 1717 627 1793 drinum
651 1717 771 1792 Filium
795 1725 833 1792 ut
857 1717 932 1792 sine
955 1715 1086 1790 laethali
1110 1713 1186 1789 labe
1210 1715 1323 1790 dcere
1348 1731 1387 1788 ac
1406 1715 1497 1790 morl

264 1828 381 1916 valeat,
406 1827 649 1924 indulgentiam
673 1829 789 1923 uiginti
814 1845 978 1904 annorum
995 1829 1099 1903 semel
1124 1827 1158 1901 in
1184 1825 1394 1902 hebdomada
1410 1843 1496 1904 con·
1580 1899 1581 1910 Ν

262 1947 433 2036 sequatur,
457 1957 527 2034 qua
550 1943 673 2036 pariter
699 1942 758 2036 qui
783 1940 1049 2016 sacratissimum
1077 1939 1302 2015 Eucharistiae
1326 1941 1495 2016 viaticum

265 2053 308 2128 ad
331 2053 486 2129 intirmus
503 2054 623 2130 devote
647 2054 832 2140 sociaverit,
855 2059 987 2149 praeter
1004 2053 1229 2148 indulgentias
1254 2053 1297 2128 ad
1313 2053 1402 2127 idem
1420 2059 1495 2129 mm
1580 2095 1581 2100 κ

262 2167 339 2260 pius
364 2185 450 2262 opus
475 2167 518 2241 ab
543 2167 614 2241 allis
639 2167 787 2241 Summis
812 2165 1028 2242 Pontificibus
1045 2180 1232 2252 concessas,
1259 2167 1395 2240 omnino
1411 2183 1495 2259 gau·
1580 2205 1581 2254 ;

264 2279 351 2354 deal.
378 2275 442 2367 Qui
459 2279 607 2374 quotidie
622 2295 684 2375 pro
701 2278 886 2358 haeresum
902 2277 1122 2377 endrpalione
1146 2279 1298 2365 orruerit,
1315 2277 1495 2373 indulgen·

262 2391 342 2465 tiam
370 2391 487 2484 viginti
516 2407 681 2467 annorum
705 2395 811 2469 semel
846 2393 882 2468 in
913 2391 1124 2468 hebdomada
1156 2397 1390 2485 consequatur,
1424 2391 1493 2481 Qui

263 2503 500 2579 conscientiam
525 2519 622 2580 suant
648 2505 843 2593 excusserit,
866 2523 906 2580 ac
929 2523 1009 2581 uere
1033 2503 1209 2600 poenitens
1233 2509 1370 2601 peccata
1401 2521 1495 2580 uom-
1579 2551 1581 2596 Ν

260 2619 363 2692 missa
393 2611 590 2704 emendare,
620 2623 654 2692 et
682 2619 834 2693 confieri
863 2617 1004 2693 firmiter
1033 2620 1267 2714 proposuerit,
1307 2615 1492 2712 quinquies
1580 2661 1581 2712 q

261 2731 410 2804 oratione
434 2729 605 2803 [lominica
635 2729 885 2806 etSalnlatione
898 2729 1055 2824 hugelica
1080 2729 1199 2807 deuote
1220 2729 1363 2827 repetita
1387 2731 1494 2806 unlus
1580 2795 1581 2826 Ν

262 2843 351 2929 anni,
377 2841 405 2916 si
423 2857 504 2917 vero
528 2842 704 2917 confessus
729 2849 763 2918 et
779 2845 814 2918 S.
841 2843 1085 2920 communione
1114 2843 1256 2920 reiectus
1281 2843 1401 2931 iuuerit,
1435 2859 1492 2919 ea-

261 2953 340 3030 dem
368 2953 423 3032 die
452 2953 570 3030 decem
599 2971 763 3032 annorum
793 2953 1001 3052 indulgentia
1025 2959 1162 3034 huatur.
1192 2957 1256 3045 Qui
1284 2951 1391 3051 probo
1423 2969 1492 3032 suo
1580 2985 1581 3024 r

261 3067 427 3163 exemplu,
453 3073 511 3143 aut
535 3069 673 3144 consiho
699 3065 845 3163 aliquem
870 3071 1082 3146 Pecmlorem
1107 3067 1151 3145 ad
1169 3071 1407 3166 poenitentiam
1434 3087 1492 3145 re·

261 3181 404 3268 duxerit,
429 3181 545 3257 tertiae
573 3184 676 3277 partis
704 3197 890 3276 poenarum
916 3183 980 3259 sihi
1004 3187 1140 3280 pmpter
1159 3203 1220 3259 sua
1245 3190 1380 3279 peccata
1409 3181 1494 3259 alias
1580 3217 1581 3274 ς

260 3293 510 3389 quomodolibet
526 3291 714 3370 debitarum
730 3295 962 3372 remissionem
980 3301 1213 3391 consequatur.
1235 3294 1298 3384 Qui
1315 3311 1395 3370 uero
1412 3314 1494 3391 poc·
1580 3343 1581 3378 ;

259 3405 381 3495 nitens,
407 3408 593 3494 contestas,
611 3407 779 3503 Sacraque
796 3406 1039 3485 Communioue
1063 3409 1206 3485 reiectus
1223 3403 1258 3482 ln
1273 3403 1355 3484 ierla
1374 3405 1494 3502 quinia

260 3519 392 3595 coenae
421 3519 555 3594 Domini
580 3527 613 3595 et
637 3521 672 3595 lu
697 3521 758 3597 Die
786 3523 956 3597 Paschatis
980 3520 1244 3598 Resurrectionis
1259 3537 1321 3616 pro
1349 3519 1493 3598 Sanctae
1580 3605 1581 3626 ἶ

260 3630 373 3708 liuida
397 3629 564 3708 Ecclesiae
590 3633 798 3722 exulatione,
825 3633 1023 3729 Summique
1047 3633 1215 3709 Pontilicis
1236 3629 1493 3711 conservatione

260 3746 332 3839 pies
358 3743 401 3820 ad
423 3743 532 3821 Deum
557 3761 675 3841 preces
691 3743 823 3834 fuderit,
842 3755 969 3823 easmet
985 3747 1134 3842 acquirat
1149 3745 1384 3842 indulgentias,
1403 3761 1491 3842 quas
1580 3753 1581 3758 '

249 3857 380 3966 iisdem
405 3855 524 3935 diehm
545 3859 707 3934 Sanctitas
724 3857 792 3934 Sua
808 3859 935 3955 Populo
951 3859 1154 3936 benedicens
1170 3859 1303 3956 publice
1320 3859 1490 3954 elargitur.

259 3969 323 4059 Qui
347 3971 455 4048 Deum
478 3988 542 4067 pro
566 3967 699 4046 Ordinis
724 3988 787 4047 seu
811 3971 990 4066 Religionis
1014 3975 1048 4048 S.
1066 3973 1235 4049 Benedicti
1250 3969 1492 4069 propagatione

258 4082 456 4178 deprecatos
480 4083 589 4169 merit,
615 4083 780 4179 particeps
805 4083 848 4159 sit
864 4085 1014 4161 omnium
1040 4093 1073 4161 et
1097 4086 1303 4180 singulorum
1320 4087 1491 4162 bonorum

259 4214 411 4292 operum,
436 4196 574 4291 quaein
592 4193 708 4272 eadem
729 4195 900 4293 Religioue
925 4195 1174 4296 quomodolibet
1189 4205 1404 4294 peraguntur.
1424 4193 1491 4287 Qui

259 4311 313 4384 ael
337 4307 526 4414 infirmitate
550 4308 699 4404 corporis
724 4309 779 4388 vel
803 4311 867 4388 allo
891 4304 1038 4408 legitimo
1056 4311 1295 4409 inpedimento
1319 4311 1489 4398 detentus,
1580 4393 1581 4406 Ν
