3182 4922
794 329 1014 398 -a'tu-

849 521 961 594 next.

742 679 859 754 ,unnrs
885 681 925 734 nr
952 679 1044 734 onnrs

360 803 447 878 Cum
473 803 581 896 aliqua
608 801 784 878 difficultas
809 802 980 896 irrepserit
1005 803 1094 876 circa
1112 780 1359 896 'expositionem
1373 811 1403 878 et
1417 805 1493 878 intel·

282 917 453 1010 ligantiam
478 917 605 1000 articuli
631 916 771 990 secundi
797 917 932 991 alterius
956 915 1087 992 norrea
1116 915 1219 1008 hujus
1240 919 1316 991 Sao.
1332 918 1491 1010 Congega·

284 1031 384 1104 donis
401 1029 695 1122 indulgentiarum
721 1028 787 1103 diei
816 1034 857 1118 ll
885 1029 1038 1103 Octobris
1066 1033 1159 1101 retr
1187 1048 1250 1121 pro
1279 1031 1333 1124 pia
1357 1030 1493 1106 societate

134 1136 137 1142 ’
284 1143 534 1236 Propagallonis
558 1140 669 1226 Fidei,
695 1142 774 1215 hine
799 1131 871 1234 ips'a
896 1140 970 1214 Sac.
998 1141 1236 1234 congregatio,
1263 1142 1371 1217 audito
1394 1143 1494 1216 iterum

283 1255 427 1329 oraculo·
450 1253 658 1326 sanctissimi
683 1255 815 1329 Domini
847 1255 959 1328 Nostri
985 1254 1033 1327 Pii
1060 1254 1121 1326 ΡΡ.
1149 1254 1225 1338 lx„
1253 1255 1404 1328 eumdem
1432 1256 1489 1326 arti·

285 1369 399 1442 culum
423 1367 468 1462 ita
492 1367 745 1458 intelligendum
771 1385 847 1441 esse
873 1367 1061 1441 declararit.
1088 1366 1299 1446 ‹Pleuariam
1325 1387 1436 1460 nempe
1455 1370 1494 1440 ln·

286 1480 490 1572 dulgentiam
515 1496 711 1552 concessam
735 1478 839 1553 luisse
864 1478 1021 1554 omnihus
1054 1478 1129 1572 piae
1161 1479 1317 1553 societati
1347 1479 1494 1572 adscriptis

285 1593 391 1666 semel
415 1591 450 1665 in
476 1607 574 1675 auno,
597 1591 656 1689 ¹dio
682 1590 806 1664 scilieet
831 1609 899 1683 qua
923 1591 1050 1683 ubique
1065 1587 1363 1680 'lucorumdebitis
1378 1611 1446 1666 cum
1459 1591 1493 1662 la·

286 1705 463 1779 cultatihus
489 1703 649 1776 solemnis
682 1703 962 1778 Commemoratio
994 1704 1145 1777 omnium
1178 1701 1430 1798 adscriptomm,
1450 1701 1496 1794 qul

284 1837 328 1892 ex
352 1818 416 1891 hac
441 1816 508 1889 rita
532 1817 727 1908 migrarunt,
753 1823 954 1909 perageturc
980 1824 1153 1909 praeterea
1176 1816 1218 1890 iis
1242 1817 1335 1892 orbis
1357 1824 1494 1891 terramm

283 1929 365 2004 locis
391 1928 565 2004 dumtaxat
589 1929 624 2001 in
650 1929 773 2020 quibus
799 1929 965 2023 praelatae
990 1929 1162 2010 societatis
1188 1929 1357 2022 quaedam
1372 1928 1496 2004 subdiri·

283 2043 334 2117 sio
351 2041 473 2126 existit,
499 2042 553 2114 vel
577 2041 619 2114 in.
637 2048 811 2134 posterum
837 2042 967 2126 existet,
993 2041 1030 2114 in
1054 2041 1208 2115 Consiliis
1221 2041 1496 2117 uidelicetliioece·

188 2209 195 2220 ,
283 2154 392 2240 sanis,
413 2153 642 2242 'chiliarchis
669 2153 853 2238 centuriis,
879 2154 1047 2238 Decuriis,
1074 2160 1131 2230 ant
1156 2154 1191 2226 ln
1216 2154 1383 2246 aliquibus
1405 2161 1497 2228 umen

283 2287 327 2342 er
351 2266 545 2360 hujusmodi
570 2267 791 2351 sectionibus,
809 2263 1052 2357 indulgentiam
1069 2266 1220 2340 similiter
1236 2268 1420 2342 Plenariam
1433 2284 1496 2340 oon·

283 2398 413 2454 cessam
438 2379 559 2463 luisse,
586 2385 659 2452 tum
683 2378 738 2452 die
763 2397 831 2469 qua
857 2378 999 2470 praeriis
1023 2379 1090 2469 jam
1117 2377 1212 2452 dictis
1237 2379 1360 2454 debitis
1384 2379 1496 2452 laculta·

282 2493 372 2567 tlbus
397 2490 516 2564 eadem
541 2490 701 2566 solemnis
727 2489 1008 2565 commemoratio
1033 2489 1092 2564 liet
1116 2492 1214 2566 unica
1230 2491 1305 2566 vice
1322 2494 1356 2566 in
1374 2490 1498 2584 quolibet

283 2623 371 2680 anno
397 2605 439 2678 ab
466 2605 577 2696 aliquo
593 2603 739 2678 Consilio
764 2605 970 2677 dioecesano
995 2603 1192 2694 generalitor
1208 2605 1438 2697 proomnlltus
1451 2601 1496 2674 de·

281 2714 403 2791 iunctis
416 2715 641 2808 snupraetato
657 2715 802 2815 Consilio
816 2715 901 2789 dum
919 2715 1137 2790 decesserunt
1154 2717 1387 2802 existentitus,
1404 2715 1497 2806 aequi·

280 2826 422 2903 rendam
447 2827 490 2901 ab
515 2825 690 2921 adscriptis
715 2835 846 2902 tantum
871 2825 1082 2906 subendam
1114 2829 1237 2921 pariter
1250 2829 1412 2904 *Consilio
1434 2833 1498 2900 tunc

282 2939 528 3030 existentibus;
553 2945 626 3016 tum
651 2939 705 3015 die
730 2959 807 3033 qua,
823 2941 870 3013 ·in
895 2940 1052 3014 omnibus
1077 2947 1251 3035 utsupra,
1279 2941 1396 3016 eadem
1420 2939 1498 3013 Com·

280 3050 477 3126 memoratio
501 3050 560 3125 flet
584 3051 627 3125 ab
652 3052 763 3143 aliqua
787 3049 984 3125 chiliarchis
1009 3069 1071 3144 pro
1096 3051 1201 3144 ipsius
1231 3051 1444 3127 Cluiliarolriae
1464 3065 1498 3120 er

281 3164 346 3238 hac
370 3163 435 3238 rita
461 3163 621 3256 migratis
638 3163 907 3238 lucrifaciendam
923 3161 1135 3238 solummodo
1152 3163 1195 3237 ab
1212 3163 1388 3258 adscriptis
1407 3160 1496 3238 eidem

281 3275 521 3366 chiliarchum
548 3276 707 3368 idemque
732 3275 912 3350 dicendum
938 3275 981 3348 de
1006 3275 1171 3350 centoris
1189 3281 1222 3349 et
1236 3277 1405 3364 Decuriis;
1421 3273 1498 3347 oum

281 3382 520 3474 modulamen
545 3405 585 3462 ea
610 3387 665 3462 die
688 3387 827 3481 praelati
852 3387 1010 3480 adscripti
1035 3387 1183 3478 singulas
1208 3388 1376 3480 injunctas
1405 3381 1497 3459 condi·

278 3499 386 3576 times
404 3499 440 3572 in
457 3499 577 3573 eodem
593 3500 743 3574 secundo
760 3501 897 3574 articulo
922 3499 1114 3574 enunciatas
1138 3498 1280 3574 fideliter
1301 3500 1493 3593 adimpleant

278 3609 419 3705 insuper
444 3610 623 3688 declaravit
647 3611 773 3686 Eadem
800 3613 963 3688 Sanctitas
988 3613 1055 3686 Sua
1080 3612 1146 3685 hoc
1170 3630 1276 3687 sensu
1304 3605 1496 3706 intelligenda

280 3741 356 3797 esse
372 3723 496 3797 Altaria
520 3724 737 3817 privilegiata,
763 3725 835 3800 sire
860 3725 1094 3812 Ecclesiarum,
1120 3726 1192 3799 sive
1208 3726 1420 3820 publicorum
1435 3723 1495 3796 ora·

278 3835 440 3910 tortorum
458 3838 493 3910 ln
510 3837 634 3929 quibus
650 3837 844 3930 hujusmodi
868 3840 1028 3913 solemnis
1045 3838 1327 3912 commemoratio
1345 3839 1397 3913 rel
1412 3850 1495 3930 geue

279 3949 368 4035 ralis,
394 3950 446 4024 vel
472 3950 618 4044 partialis
633 3952 686 4024 sit
711 3957 747 4025 ut
773 3969 875 4045 supra
892 3949 1099 4026 celebranda.
1117 3952 1158 4024 Ει
1176 3950 1310 4025 undem
1328 3949 1419 4024 lolem
1430 3947 1495 4018 San·

279 4063 448 4136 onesimus
471 4064 634 4150 Dominus
658 4065 801 4170 Neston.
814 4072 853 4138 ut
877 4065 1007 4150 animae
1031 4063 1263 4137 detunctorum
1280 4064 1388 4156 ipsius
1404 4057 1496 4134 socie

278 4174 355 4248 tatis
378 4175 495 4269 magis,
523 4178 696 4270 magisque
721 4177 963 4270 suffragantum
982 4175 1160 4250 declararit
1176 4195 1294 4250 omnes
1310 4184 1346 4250 et
1365 4169 1494 4266 singulas

280 4287 408 4372 llissas,
437 4307 523 4380 quae
548 4290 674 4383 urbique
699 4297 863 4367 terrarum
889 4291 959 4364 sire
985 4291 1028 4364 ab
1054 4307 1122 4365 uno
1147 4289 1219 4364 sire
1243 4308 1262 4362 a
1285 4288 1433 4384 pluribus
1447 4277 1493 4354 ad·
